<?xml version="1.0" encoding="UTF-8"?>
<!DOCTYPE html PUBLIC "-//W3C//DTD XHTML 1.0 Transitional//EN"
    "http://www.w3.org/TR/xhtml1/DTD/xhtml1-transitional.dtd">
<html xmlns="http://www.w3.org/1999/xhtml" xml:lang="en" lang="en">
 <head>
  <title>
</title>
<meta http-equiv="Content-Type" content="text/html;charset=utf-8" />
  <meta name='ocr-system' content='tesseract 3.04.00' />
  <meta name='ocr-capabilities' content='ocr_page ocr_carea ocr_par ocr_line ocrx_word'/>
</head>
<body>
  <div class='ocr_page' id='page_1' title='image "./jvlivsredivivvs00frisuoft_0161.png"; bbox 0 0 1722 2663; ppageno 0'>
   <div class='ocr_carea' id='block_1_1' title="bbox 408 115 1444 157">
    <p class='ocr_par' dir='ltr' id='par_1_1' title="bbox 408 115 1444 157">
     <span class='ocr_line' id='line_1_1' title="bbox 408 115 1444 157; baseline 0.004 -16"><span class='ocrx_word' id='word_1_1' title='bbox 408 115 668 147; x_wconf 84' lang='lat' dir='ltr'>FRISCHLINVS,</span> <span class='ocrx_word' id='word_1_2' title='bbox 687 116 815 143; x_wconf 82' lang='lat' dir='ltr'>JVLIVS</span> <span class='ocrx_word' id='word_1_3' title='bbox 838 116 1050 147; x_wconf 80' lang='lat' dir='ltr'>REDIVIVVS.</span> <span class='ocrx_word' id='word_1_4' title='bbox 1089 118 1119 148; x_wconf 88' lang='lat'>11,</span> <span class='ocrx_word' id='word_1_5' title='bbox 1144 118 1169 145; x_wconf 84' lang='lat'>3.</span> <span class='ocrx_word' id='word_1_6' title='bbox 1402 122 1444 157; x_wconf 67' lang='lat'>035</span> 
     </span>
    </p>
   </div>
   <div class='ocr_carea' id='block_1_2' title="bbox 206 224 1363 537">
    <p class='ocr_par' dir='ltr' id='par_1_2' title="bbox 206 224 1363 537">
     <span class='ocr_line' id='line_1_2' title="bbox 206 224 1363 277; baseline 0.003 -16"><span class='ocrx_word' id='word_1_7' title='bbox 206 224 382 262; x_wconf 80' lang='lat' dir='ltr'>Minime</span> <span class='ocrx_word' id='word_1_8' title='bbox 414 225 602 275; x_wconf 78' lang='lat' dir='ltr'>strigosis</span> <span class='ocrx_word' id='word_1_9' title='bbox 633 230 807 275; x_wconf 78' lang='lat' dir='ltr'>tamque</span> <span class='ocrx_word' id='word_1_10' title='bbox 838 225 1001 264; x_wconf 80' lang='lat' dir='ltr'>levibus</span> <span class='ocrx_word' id='word_1_11' title='bbox 1033 240 1161 277; x_wconf 86' lang='lat' dir='ltr'>quam</span> <span class='ocrx_word' id='word_1_12' title='bbox 1192 228 1363 265; x_wconf 61' lang='lat' dir='ltr'>&#39;Veneris</span> 
     </span>
     <span class='ocr_line' id='line_1_3' title="bbox 975 292 1275 342; baseline 0.003 -13"><span class='ocrx_word' id='word_1_13' title='bbox 975 292 1028 329; x_wconf 89' lang='lat' dir='ltr'>sit</span> <span class='ocrx_word' id='word_1_14' title='bbox 1060 292 1275 342; x_wconf 84' lang='lat' dir='ltr'>speculum</span> 
     </span>
     <span class='ocr_line' id='line_1_4' title="bbox 208 353 664 405; baseline 0.004 -14"><span class='ocrx_word' id='word_1_15' title='bbox 208 353 271 392; x_wconf 75' lang='lat' dir='ltr'>Et·</span> <span class='ocrx_word' id='word_1_16' title='bbox 299 355 471 405; x_wconf 76' lang='lat' dir='ltr'><strong>insuper</strong></span> <span class='ocrx_word' id='word_1_17' title='bbox 500 356 664 393; x_wconf 78' lang='lat' dir='ltr'>torosis.</span> 
     </span>
     <span class='ocr_line' id='line_1_5' title="bbox 730 422 924 459; baseline 0.01 -2"><span class='ocrx_word' id='word_1_18' title='bbox 730 422 924 459; x_wconf 78' lang='lat' dir='ltr'>Caesar.</span> 
     </span>
     <span class='ocr_line' id='line_1_6' title="bbox 714 486 1168 537; baseline 0.004 -14"><span class='ocrx_word' id='word_1_19' title='bbox 714 486 857 524; x_wconf 80' lang='lat' dir='ltr'>Etiam</span> <span class='ocrx_word' id='word_1_20' title='bbox 886 487 1168 537; x_wconf 68' lang='lat' dir='ltr'>ephippiatisZ</span> 
     </span>
    </p>
   </div>
   <div class='ocr_carea' id='block_1_3' title="bbox 119 568 1415 881">
    <p class='ocr_par' dir='ltr' id='par_1_3' title="bbox 119 568 1415 881">
     <span class='ocr_line' id='line_1_7' title="bbox 658 568 993 607; baseline 0.003 -1"><span class='ocrx_word' id='word_1_21' title='bbox 658 568 993 607; x_wconf 67' lang='lat' dir='ltr'>Hei-mannus.</span> 
     </span>
     <span class='ocr_line' id='line_1_8' title="bbox 1205 635 1384 674; baseline 0 0"><span class='ocrx_word' id='word_1_22' title='bbox 1205 635 1384 674; x_wconf 74' lang='lat' dir='ltr'>Scilicet.</span> 
     </span>
     <span class='ocr_line' id='line_1_9' title="bbox 728 699 922 737; baseline -0.005 0"><span class='ocrx_word' id='word_1_23' title='bbox 728 699 922 737; x_wconf 80' lang='lat' dir='ltr'>Caesar.</span> 
     </span>
     <span class='ocr_line' id='line_1_10' title="bbox 119 761 1415 804; baseline 0.004 -5"><span class='ocrx_word' id='word_1_24' title='bbox 119 773 176 799; x_wconf 71' lang='lat'>855</span> <span class='ocrx_word' id='word_1_25' title='bbox 208 761 321 801; x_wconf 88' lang='lat' dir='ltr'>Olim</span> <span class='ocrx_word' id='word_1_26' title='bbox 352 775 451 801; x_wconf 81' lang='lat' dir='ltr'>vero</span> <span class='ocrx_word' id='word_1_27' title='bbox 483 762 587 800; x_wconf 83' lang='lat' dir='ltr'>nihil</span> <span class='ocrx_word' id='word_1_28' title='bbox 618 763 858 802; x_wconf 78' lang='lat' dir='ltr'>habebatur</span> <span class='ocrx_word' id='word_1_29' title='bbox 889 764 1197 803; x_wconf 81' lang='lat' dir='ltr'>Germa-norum</span> <span class='ocrx_word' id='word_1_30' title='bbox 1228 766 1415 804; x_wconf 77' lang='lat' dir='ltr'>moribus</span> 
     </span>
     <span class='ocr_line' id='line_1_11' title="bbox 208 827 1359 881; baseline 0.003 -16"><span class='ocrx_word' id='word_1_31' title='bbox 208 827 394 865; x_wconf 78' lang='lat' dir='ltr'>Inertius</span> <span class='ocrx_word' id='word_1_32' title='bbox 423 827 610 878; x_wconf 77' lang='lat' dir='ltr'>nihilque</span> <span class='ocrx_word' id='word_1_33' title='bbox 642 830 809 878; x_wconf 78' lang='lat' dir='ltr'>turpius</span> <span class='ocrx_word' id='word_1_34' title='bbox 840 842 967 879; x_wconf 78' lang='lat' dir='ltr'>quani</span> <span class='ocrx_word' id='word_1_35' title='bbox 999 831 1108 868; x_wconf 89' lang='lat' dir='ltr'>utier</span> <span class='ocrx_word' id='word_1_36' title='bbox 1137 831 1359 881; x_wconf 70' lang='lat' dir='ltr'>ephippiis.</span> 
     </span>
    </p>
   </div>
   <div class='ocr_carea' id='block_1_4' title="bbox 206 905 1440 1021">
    <p class='ocr_par' dir='ltr' id='par_1_4' title="bbox 206 905 1440 1021">
     <span class='ocr_line' id='line_1_12' title="bbox 655 905 992 944; baseline 0.003 -1"><span class='ocrx_word' id='word_1_37' title='bbox 655 905 756 943; x_wconf 87' lang='lat' dir='ltr'>Her</span> <span class='ocrx_word' id='word_1_38' title='bbox 768 919 992 944; x_wconf 83' lang='lat' dir='ltr'>mannus.</span> 
     </span>
     <span class='ocr_line' id='line_1_13' title="bbox 206 969 1440 1021; baseline 0.003 -14"><span class='ocrx_word' id='word_1_39' title='bbox 206 969 353 1020; x_wconf 89' lang='lat' dir='ltr'>quue</span> <span class='ocrx_word' id='word_1_40' title='bbox 378 970 518 1008; x_wconf 81' lang='lat' dir='ltr'>minus</span> <span class='ocrx_word' id='word_1_41' title='bbox 543 970 743 1008; x_wconf 77' lang='lat' dir='ltr'>valebant</span> <span class='ocrx_word' id='word_1_42' title='bbox 769 972 967 1021; x_wconf 79' lang='lat' dir='ltr'>equitatu</span> <span class='ocrx_word' id='word_1_43' title='bbox 993 985 1122 1021; x_wconf 80' lang='lat' dir='ltr'>quain</span> <span class='ocrx_word' id='word_1_44' title='bbox 1146 985 1256 1010; x_wconf 86' lang='lat' dir='ltr'>nunc</span> <span class='ocrx_word' id='word_1_45' title='bbox 1284 974 1440 1011; x_wconf 80' lang='lat' dir='ltr'>valent.</span> 
     </span>
    </p>
   </div>
   <div class='ocr_carea' id='block_1_5' title="bbox 115 1047 1441 1490">
    <p class='ocr_par' dir='ltr' id='par_1_5' title="bbox 115 1047 1441 1490">
     <span class='ocr_line' id='line_1_14' title="bbox 726 1047 920 1085; baseline 0 0"><span class='ocrx_word' id='word_1_46' title='bbox 726 1047 878 1085; x_wconf 79' lang='lat' dir='ltr'>Caesa</span> <span class='ocrx_word' id='word_1_47' title='bbox 890 1062 920 1085; x_wconf 90' lang='lat' dir='ltr'>r.</span> 
     </span>
     <span class='ocr_line' id='line_1_15' title="bbox 196 1111 416 1150; baseline 0.005 -1"><span class='ocrx_word' id='word_1_48' title='bbox 196 1111 416 1150; x_wconf 73' lang='lat' dir='ltr'>Fortasse.</span> 
     </span>
     <span class='ocr_line' id='line_1_16' title="bbox 654 1178 991 1216; baseline -0.003 0"><span class='ocrx_word' id='word_1_49' title='bbox 654 1178 991 1216; x_wconf 72' lang='lat' dir='ltr'>Hermannus.</span> 
     </span>
     <span class='ocr_line' id='line_1_17' title="bbox 436 1242 1439 1294; baseline 0.002 -14"><span class='ocrx_word' id='word_1_50' title='bbox 436 1242 548 1290; x_wconf 79' lang='lat' dir='ltr'>Quin</span> <span class='ocrx_word' id='word_1_51' title='bbox 562 1243 696 1281; x_wconf 88' lang='lat' dir='ltr'>etiam</span> <span class='ocrx_word' id='word_1_52' title='bbox 711 1244 875 1282; x_wconf 79' lang='lat' dir='ltr'>variare</span> <span class='ocrx_word' id='word_1_53' title='bbox 893 1257 1017 1294; x_wconf 79' lang='lat' dir='ltr'>gyros</span> <span class='ocrx_word' id='word_1_54' title='bbox 1033 1245 1076 1281; x_wconf 88' lang='lat' dir='ltr'>in</span> <span class='ocrx_word' id='word_1_55' title='bbox 1094 1252 1284 1283; x_wconf 81' lang='lat' dir='ltr'>vestrum</span> <span class='ocrx_word' id='word_1_56' title='bbox 1301 1246 1439 1283; x_wconf 78' lang='lat' dir='ltr'>sciunt</span> 
     </span>
     <span class='ocr_line' id='line_1_18' title="bbox 204 1308 1441 1360; baseline 0.001 -14"><span class='ocrx_word' id='word_1_57' title='bbox 204 1308 365 1346; x_wconf 87' lang='lat' dir='ltr'>Morem</span> <span class='ocrx_word' id='word_1_58' title='bbox 392 1308 437 1345; x_wconf 91' lang='lat' dir='ltr'>in</span> <span class='ocrx_word' id='word_1_59' title='bbox 464 1312 629 1346; x_wconf 85' lang='lat' dir='ltr'>rectum</span> <span class='ocrx_word' id='word_1_60' title='bbox 657 1312 730 1346; x_wconf 86' lang='lat' dir='ltr'>aut</span> <span class='ocrx_word' id='word_1_61' title='bbox 760 1321 845 1347; x_wconf 88' lang='lat' dir='ltr'>uno</span> <span class='ocrx_word' id='word_1_62' title='bbox 874 1308 991 1346; x_wconf 77' lang='lat' dir='ltr'>flexu</span> <span class='ocrx_word' id='word_1_63' title='bbox 1018 1309 1192 1347; x_wconf 84' lang='lat' dir='ltr'>dextros</span> <span class='ocrx_word' id='word_1_64' title='bbox 1220 1314 1350 1360; x_wconf 79' lang='lat' dir='ltr'>agunt</span> <span class='ocrx_word' id='word_1_65' title='bbox 1381 1312 1441 1348; x_wconf 81' lang='lat' dir='ltr'>ita</span> 
     </span>
     <span class='ocr_line' id='line_1_19' title="bbox 974 1374 1147 1412; baseline 0.006 -1"><span class='ocrx_word' id='word_1_66' title='bbox 974 1374 1147 1412; x_wconf 84' lang='lat' dir='ltr'>orbibus</span> 
     </span>
     <span class='ocr_line' id='line_1_20' title="bbox 115 1437 1437 1490; baseline 0.002 -14"><span class='ocrx_word' id='word_1_67' title='bbox 115 1448 177 1473; x_wconf 65' lang='lat'>&gt;360</span> <span class='ocrx_word' id='word_1_68' title='bbox 203 1437 463 1488; x_wconf 83' lang='lat' dir='ltr'>Conjunctis,</span> <span class='ocrx_word' id='word_1_69' title='bbox 484 1443 532 1476; x_wconf 81' lang='lat' dir='ltr'>ut</span> <span class='ocrx_word' id='word_1_70' title='bbox 550 1451 673 1477; x_wconf 88' lang='lat' dir='ltr'>nemo</span> <span class='ocrx_word' id='word_1_71' title='bbox 692 1440 900 1490; x_wconf 79' lang='lat' dir='ltr'>posterior</span> <span class='ocrx_word' id='word_1_72' title='bbox 917 1440 970 1477; x_wconf 84' lang='lat' dir='ltr'>sit</span> <span class='ocrx_word' id='word_1_73' title='bbox 991 1440 1141 1477; x_wconf 84' lang='lat' dir='ltr'>turmis</span> <span class='ocrx_word' id='word_1_74' title='bbox 1158 1453 1209 1477; x_wconf 76' lang='lat' dir='ltr'>ex</span> <span class='ocrx_word' id='word_1_75' title='bbox 1228 1440 1437 1478; x_wconf 76' lang='lat' dir='ltr'>omnibus.</span> 
     </span>
    </p>
   </div>
   <div class='ocr_carea' id='block_1_6' title="bbox 203 1516 1437 1631">
    <p class='ocr_par' dir='ltr' id='par_1_6' title="bbox 203 1516 1437 1631">
     <span class='ocr_line' id='line_1_21' title="bbox 722 1516 917 1554; baseline 0 -1"><span class='ocrx_word' id='word_1_76' title='bbox 722 1516 917 1554; x_wconf 78' lang='lat' dir='ltr'>Caesar.</span> 
     </span>
     <span class='ocr_line' id='line_1_22' title="bbox 203 1579 1437 1631; baseline 0 -13"><span class='ocrx_word' id='word_1_77' title='bbox 203 1579 475 1619; x_wconf 83' lang='lat' dir='ltr'>Crediderim.</span> <span class='ocrx_word' id='word_1_78' title='bbox 530 1580 613 1619; x_wconf 86' lang='lat' dir='ltr'>Sed</span> <span class='ocrx_word' id='word_1_79' title='bbox 641 1594 748 1631; x_wconf 80' lang='lat' dir='ltr'>quae</span> <span class='ocrx_word' id='word_1_80' title='bbox 777 1581 972 1631; x_wconf 87' lang='lat' dir='ltr'>peditum</span> <span class='ocrx_word' id='word_1_81' title='bbox 1001 1582 1136 1618; x_wconf 78' lang='lat' dir='ltr'>virtus</span> <span class='ocrx_word' id='word_1_82' title='bbox 1164 1582 1207 1619; x_wconf 89' lang='lat' dir='ltr'>in</span> <span class='ocrx_word' id='word_1_83' title='bbox 1235 1583 1320 1619; x_wconf 80' lang='lat' dir='ltr'>acie</span> <span class='ocrx_word' id='word_1_84' title='bbox 1348 1583 1437 1620; x_wconf 70' lang='lat' dir='ltr'>est?</span> 
     </span>
    </p>
   </div>
   <div class='ocr_carea' id='block_1_7' title="bbox 114 1658 1437 2424">
    <p class='ocr_par' dir='ltr' id='par_1_7' title="bbox 114 1658 1437 2424">
     <span class='ocr_line' id='line_1_23' title="bbox 653 1658 989 1695; baseline 0.003 -1"><span class='ocrx_word' id='word_1_85' title='bbox 653 1658 989 1695; x_wconf 82' lang='lat' dir='ltr'>Hermannus.</span> 
     </span>
     <span class='ocr_line' id='line_1_24' title="bbox 1072 1723 1436 1773; baseline 0 -12"><span class='ocrx_word' id='word_1_86' title='bbox 1072 1723 1154 1761; x_wconf 80' lang='lat' dir='ltr'>Cur</span> <span class='ocrx_word' id='word_1_87' title='bbox 1183 1723 1259 1761; x_wconf 89' lang='lat' dir='ltr'>hoc</span> <span class='ocrx_word' id='word_1_88' title='bbox 1292 1726 1436 1773; x_wconf 64' lang='lat' dir='ltr'>rogas?</span> 
     </span>
     <span class='ocr_line' id='line_1_25' title="bbox 722 1788 916 1826; baseline -0.005 0"><span class='ocrx_word' id='word_1_89' title='bbox 722 1788 916 1826; x_wconf 82' lang='lat' dir='ltr'>Caesar.</span> 
     </span>
     <span class='ocr_line' id='line_1_26' title="bbox 202 1851 1437 1904; baseline -0.001 -13"><span class='ocrx_word' id='word_1_90' title='bbox 202 1851 312 1899; x_wconf 81' lang='lat' dir='ltr'>Quia</span> <span class='ocrx_word' id='word_1_91' title='bbox 338 1852 440 1891; x_wconf 89' lang='lat' dir='ltr'>olim</span> <span class='ocrx_word' id='word_1_92' title='bbox 467 1852 620 1903; x_wconf 83' lang='lat' dir='ltr'>singuli</span> <span class='ocrx_word' id='word_1_93' title='bbox 647 1854 811 1903; x_wconf 82' lang='lat' dir='ltr'>equites</span> <span class='ocrx_word' id='word_1_94' title='bbox 839 1852 1025 1904; x_wconf 83' lang='lat' dir='ltr'>singulos</span> <span class='ocrx_word' id='word_1_95' title='bbox 1052 1866 1104 1890; x_wconf 78' lang='lat' dir='ltr'>ex</span> <span class='ocrx_word' id='word_1_96' title='bbox 1134 1853 1437 1891; x_wconf 82' lang='lat' dir='ltr'>consuetudine</span> 
     </span>
     <span class='ocr_line' id='line_1_27' title="bbox 202 1917 1435 1968; baseline 0 -13"><span class='ocrx_word' id='word_1_97' title='bbox 202 1917 372 1956; x_wconf 75' lang='lat' dir='ltr'>Pedites</span> <span class='ocrx_word' id='word_1_98' title='bbox 403 1917 635 1964; x_wconf 83' lang='lat' dir='ltr'>habebant,</span> <span class='ocrx_word' id='word_1_99' title='bbox 671 1931 777 1968; x_wconf 90' lang='lat' dir='ltr'>quos</span> <span class='ocrx_word' id='word_1_100' title='bbox 808 1931 861 1956; x_wconf 84' lang='lat' dir='ltr'>ex</span> <span class='ocrx_word' id='word_1_101' title='bbox 893 1919 1009 1956; x_wconf 89' lang='lat' dir='ltr'>omni</span> <span class='ocrx_word' id='word_1_102' title='bbox 1040 1920 1163 1968; x_wconf 84' lang='lat' dir='ltr'>eopia</span> <span class='ocrx_word' id='word_1_103' title='bbox 1194 1918 1435 1968; x_wconf 80' lang='lat' dir='ltr'>delegerant</span> 
     </span>
     <span class='ocr_line' id='line_1_28' title="bbox 202 1982 1435 2033; baseline 0.001 -13"><span class='ocrx_word' id='word_1_104' title='bbox 202 1982 311 2021; x_wconf 81' lang='lat' dir='ltr'>Suae</span> <span class='ocrx_word' id='word_1_105' title='bbox 335 1983 484 2021; x_wconf 78' lang='lat' dir='ltr'>salutis</span> <span class='ocrx_word' id='word_1_106' title='bbox 506 1996 654 2028; x_wconf 82' lang='lat' dir='ltr'>causa:</span> <span class='ocrx_word' id='word_1_107' title='bbox 678 1996 776 2021; x_wconf 85' lang='lat' dir='ltr'>eum</span> <span class='ocrx_word' id='word_1_108' title='bbox 798 1983 863 2021; x_wconf 87' lang='lat' dir='ltr'>his</span> <span class='ocrx_word' id='word_1_109' title='bbox 886 1983 1170 2022; x_wconf 76' lang='lat' dir='ltr'>versabantur</span> <span class='ocrx_word' id='word_1_110' title='bbox 1191 1984 1234 2021; x_wconf 86' lang='lat' dir='ltr'>in</span> <span class='ocrx_word' id='word_1_111' title='bbox 1256 1982 1435 2033; x_wconf 74' lang='lat' dir='ltr'>proeliis,</span> 
     </span>
     <span class='ocr_line' id='line_1_29' title="bbox 114 2047 1300 2098; baseline 0.003 -16"><span class='ocrx_word' id='word_1_112' title='bbox 114 2057 172 2082; x_wconf 78' lang='lat'>865</span> <span class='ocrx_word' id='word_1_113' title='bbox 202 2047 270 2085; x_wconf 87' lang='lat' dir='ltr'>Ad</span> <span class='ocrx_word' id='word_1_114' title='bbox 290 2061 362 2086; x_wconf 89' lang='lat' dir='ltr'>eos</span> <span class='ocrx_word' id='word_1_115' title='bbox 385 2061 427 2086; x_wconf 91' lang='lat' dir='ltr'>se</span> <span class='ocrx_word' id='word_1_116' title='bbox 453 2048 713 2098; x_wconf 82' lang='lat' dir='ltr'>recipiebant</span> <span class='ocrx_word' id='word_1_117' title='bbox 736 2049 920 2098; x_wconf 69' lang='lat' dir='ltr'>equit‹es;</span> <span class='ocrx_word' id='word_1_118' title='bbox 944 2048 1001 2092; x_wconf 68' lang='lat' dir='ltr'>hi,</span> <span class='ocrx_word' id='word_1_119' title='bbox 1027 2049 1061 2086; x_wconf 88' lang='lat' dir='ltr'>si</span> <span class='ocrx_word' id='word_1_120' title='bbox 1086 2049 1189 2098; x_wconf 89' lang='lat' dir='ltr'>quid</span> <span class='ocrx_word' id='word_1_121' title='bbox 1211 2054 1300 2086; x_wconf 81' lang='lat' dir='ltr'>erat</span> 
     </span>
     <span class='ocr_line' id='line_1_30' title="bbox 976 2113 1136 2159; baseline 0 -8"><span class='ocrx_word' id='word_1_122' title='bbox 976 2113 1136 2159; x_wconf 81' lang='lat' dir='ltr'>durius,</span> 
     </span>
     <span class='ocr_line' id='line_1_31' title="bbox 201 2169 1436 2229; baseline -0.001 -13"><span class='ocrx_word' id='word_1_123' title='bbox 201 2169 531 2223; x_wconf 85' lang='lat' dir='ltr'>Concurrebant,</span> <span class='ocrx_word' id='word_1_124' title='bbox 568 2179 602 2216; x_wconf 88' lang='lat' dir='ltr'>si</span> <span class='ocrx_word' id='word_1_125' title='bbox 637 2179 709 2228; x_wconf 91' lang='lat' dir='ltr'>qui</span> <span class='ocrx_word' id='word_1_126' title='bbox 743 2180 933 2229; x_wconf 84' lang='lat' dir='ltr'>graviore</span> <span class='ocrx_word' id='word_1_127' title='bbox 969 2183 1143 2228; x_wconf 78' lang='lat' dir='ltr'>accept-o</span> <span class='ocrx_word' id='word_1_128' title='bbox 1179 2178 1350 2216; x_wconf 81' lang='lat' dir='ltr'>vulnere</span> <span class='ocrx_word' id='word_1_129' title='bbox 1384 2191 1436 2215; x_wconf 79' lang='lat' dir='ltr'>ex</span> 
     </span>
     <span class='ocr_line' id='line_1_32' title="bbox 976 2256 1085 2293; baseline 0.009 -12"><span class='ocrx_word' id='word_1_130' title='bbox 976 2256 1085 2293; x_wconf 87' lang='lat' dir='ltr'>equo</span> 
     </span>
     <span class='ocr_line' id='line_1_33' title="bbox 200 2307 1381 2358; baseline -0.001 -12"><span class='ocrx_word' id='word_1_131' title='bbox 200 2307 472 2354; x_wconf 81' lang='lat' dir='ltr'>Deciderant,</span> <span class='ocrx_word' id='word_1_132' title='bbox 500 2308 884 2349; x_wconf 81' lang='lat' dir='ltr'>circumsistebant,</span> <span class='ocrx_word' id='word_1_133' title='bbox 913 2309 948 2346; x_wconf 88' lang='lat' dir='ltr'>si</span> <span class='ocrx_word' id='word_1_134' title='bbox 975 2322 1058 2358; x_wconf 91' lang='lat' dir='ltr'>quo</span> <span class='ocrx_word' id='word_1_135' title='bbox 1085 2308 1381 2358; x_wconf 85' lang='lat' dir='ltr'>prodeundum</span> 
     </span>
     <span class='ocr_line' id='line_1_34' title="bbox 973 2373 1138 2424; baseline 0 -13"><span class='ocrx_word' id='word_1_136' title='bbox 973 2373 1138 2424; x_wconf 84' lang='lat' dir='ltr'>longius</span> 
     </span>
    </p>
   </div>
   <div class='ocr_carea' id='block_1_8' title="bbox 187 2453 1204 2489">
    <p class='ocr_par' dir='ltr' id='par_1_8' title="bbox 187 2453 1204 2489">
     <span class='ocr_line' id='line_1_35' title="bbox 187 2453 1204 2489; baseline 0.003 -8"><span class='ocrx_word' id='word_1_137' title='bbox 187 2453 251 2483; x_wconf 81' lang='lat' dir='ltr'>Lat.</span> <span class='ocrx_word' id='word_1_138' title='bbox 271 2454 560 2483; x_wconf 81' lang='lat' dir='ltr'>Litteraturdenkm.</span> <span class='ocrx_word' id='word_1_139' title='bbox 580 2455 619 2482; x_wconf 87' lang='lat'>19.</span> <span class='ocrx_word' id='word_1_140' title='bbox 1184 2456 1204 2489; x_wconf 82' lang='grc'>5</span> 
     </span>
    </p>
   </div>
  </div>
 </body>
</html>
