1722 2663
316 161 317 164 Ἴ
372 119 631 153 FRISCHLINVS,
651 119 780 148 JVLIVS
800 120 1014 150 REDIVIVVS.
1051 121 1083 153 11,
1108 120 1133 147 3.
1366 122 1410 157 69

695 230 726 269 C
734 244 758 268 a
767 243 788 268 e
797 243 815 269 s
825 243 849 268 a
857 243 890 268 r.

624 296 789 347 Ergone
821 295 1003 334 Romani
1034 296 1163 334 etiam
1194 295 1319 334 hodie

921 360 1142 399 Germanis
1170 361 1382 411 imperant
1394 361 1407 398 2

625 426 667 465 H
676 439 698 464 e
706 440 726 465 r
737 439 778 464 m
788 439 812 464 a
820 439 848 464 n
856 439 884 464 n
893 439 920 464 u
929 439 961 464 s.

173 491 284 538 Non,
303 492 377 531 sed
395 491 594 531 Germani
611 492 888 530 dominantur
905 504 1016 530 nunc
1037 491 1255 530 Romanis.

693 590 724 629 C
731 604 756 629 a
764 604 785 629 e
794 604 812 629 s
821 604 846 629 a
855 605 886 629 r.

930 655 1029 695 Non
1059 656 1251 703 arbitror,

173 721 390 772 Siquidem
428 722 648 760 Romanus
685 721 836 760 Caesar
871 726 947 768 est,
987 721 1043 760 ad
1080 734 1206 772 quem
1242 735 1410 761 summa

952 787 1082 836 hujus
1110 788 1282 837 respicit

173 852 359 902 Imperii.

580 917 621 955 H
631 930 652 956 e
661 930 681 955 r
691 930 733 955 m
743 931 767 955 a
775 930 803 955 n
811 930 839 955 n
848 930 875 955 u
884 931 916 955 s.

348 982 486 1021 Immo
506 982 757 1022 Germaniae
778 995 887 1021 unus
906 983 1146 1033 principum
1165 986 1243 1022 est.

650 1076 682 1115 O
689 1089 714 1114 a
722 1090 744 1115 e
752 1089 770 1114 s
780 1089 805 1115 a
813 1090 844 1115 r.

1247 1142 1356 1189 Quo·

946 1207 1073 1246 modo
1102 1209 1232 1258 igitur

173 1271 393 1310 Romanus
420 1272 576 1311 dicitur
603 1272 835 1323 imperator
846 1274 859 1310 ’ζ

579 1372 621 1409 H
630 1385 652 1410 e
660 1386 679 1410 r
690 1385 732 1410 m
741 1385 766 1410 a
774 1385 802 1410 n
810 1385 838 1410 n
847 1385 874 1410 u
883 1386 915 1410 s.

893 1437 1115 1484 Quomodo
1140 1438 1324 1476 Romani

946 1503 1143 1542 Caesares

92 1577 149 1603 910
171 1566 208 1605 A
227 1566 449 1606 debellatis
469 1567 691 1606 Germanis
712 1581 754 1605 se
775 1568 977 1607 dicebant
997 1569 1097 1607 olim
1119 1568 1405 1607 Germanicos.

650 1667 843 1706 Caesar.

169 1732 261 1779 Dic,
313 1732 499 1780 obsecro,
552 1733 765 1783 quomodo
817 1733 1000 1772 Romani
1049 1735 1093 1772 in
1142 1738 1404 1784 potestatem

943 1799 1193 1837 devenerint

170 1862 498 1902 Germanorum!

475 1932 480 1937 '
577 1929 913 1968 Hermannus.

454 1994 565 2032 Anni
598 1994 652 2033 ab
682 2007 731 2032 eo
757 1998 960 2045 tempore,
1000 2008 1083 2045 quo
1120 2008 1299 2046 magnus
1333 1995 1402 2033 ille

944 2060 1116 2099 Carolus

98 2134 102 2138 ·
134 2119 145 2146 5
169 2123 342 2173 Imperii
371 2124 625 2175 dignitatem
656 2124 710 2162 ad
739 2137 816 2163 nos
845 2125 1078 2164 Germanos
1109 2126 1235 2164 armis
1266 2130 1402 2163 trans-

941 2191 1042 2228 tulit

168 2253 292 2292 Victo
324 2254 466 2292 rebelli
498 2254 728 2301 Desiderio,
763 2268 856 2306 rege
891 2256 1107 2305 quondam
1139 2255 1372 2303 Insubriae,

88 2328 141 2354 915
167 2318 292 2365 Anni,
319 2319 508 2369 inquam,
535 2320 665 2370 elapsi
697 2326 796 2358 sunt*
822 2321 1077 2371 septingenti
1104 2321 1321 2372 octoginta

968 2390 1185 2435 quattuor.
