1756 2671
159 318 193 342 85

154 755 192 779 90

152 1081 186 1105 95

134 1572 191 1596 100

131 2040 185 2064 105

430 132 689 167 FRJSCHLINVS‚
710 132 837 160 JVLIVS
857 132 1070 162 REDIVIVVS.
1108 133 1127 164 1,
1150 133 1171 159 1.
1432 135 1454 168 ξ)

223 241 522 288 Pulcherrima,
554 246 621 279 tot
650 254 765 279 arces
794 241 1015 290 impositas
1045 240 1262 279 montibus

222 307 462 353 Altissimis,
495 310 561 345 tot
592 307 718 350 vicos,v
751 310 817 344 tot
847 319 967 356 agros
996 306 1155 344 fertiles

221 372 333 411 Satis
362 385 438 423 ego
469 372 667 410 admirari
698 372 811 410 nullo
842 384 1014 421 possum
1045 371 1184 409 modo.

221 437 302 475 Sed
332 437 520 482 ubinam,
552 438 609 475 mi
640 437 802 482 Caesar,
835 437 922 486 jam
952 437 1246 475 consistimus?

220 503 309 540 Aut
339 515 467 552 quam
498 507 691 540 tenemus
721 502 829 540 hano
859 506 1024 552 partem
1056 502 1330 541 Germaniae?

736 614 931 652 Caesar.
980 660 984 662 ‚

219 678 431 729 Quicquid
461 679 578 717 vides
609 683 827 723 terrarum,
861 678 1015 724 Cicero,
1047 679 1090 716 id
1121 692 1146 717 a
1174 679 1273 716 feris

219 744 276 781 Et
305 743 496 782 barbaris
526 744 626 782 011111
657 744 882 782 tenebatur
912 744 1062 794 poplis.

216 809 329 847 Nam
360 809 514 859 quibus
542 822 618 859 ego
649 809 913 859 temporibus
943 810 985 846 in
1016 809 1079 847 his
1108 809 1169 847 fui
1199 809 1312 856 locis,

216 874 313 913 Non
342 864 612 925 praesidiunu
643 887 728 912 non
757 874 990 919 castellum,
1021 888 1107 913 non
1136 875 1341 925 oppidum

218 939 334 986 Erat,
366 953 452 978 non
482 941 571 990 agri
600 940 791 989 percusti,
824 953 909 977 11011
939 941 1101 987 vineae,

217 1005 299 1044 Sed
329 1006 518 1043 maxima
546 1004 795 1043 civitatibus
825 1005 916 1043 laus
946 1010 1047 1043 tuno
1077 1009 1169 1044 erat

216 1070 407 1108 Vastatis
436 1070 595 1108 finibus
626 1083 800 1121 magnas
831 1070 1016 1120 undique
1048 1070 1127 1108 1001

216 1135 384 1173 Habere
415 1135 676 1174 solitudines.

739 1235 924 1273 Cicero.

734 1300 943 1350 Equidem
973 1304 1016 1338 et
1045 1314 1121 1351 ego

214 1365 326 1411 Illos,
359 1366 432 1415 qui
461 1366 556 1403 111110
589 1365 643 1403 ad
673 1365 904 1404 Germanos
934 1379 1169 1404 commeare
1200 1370 1293 1405 tuni

214 1430 429 1477 Solebant,
462 1431 622 1469 Romae
654 1431 799 1468 audivi
829 1431 966 1469 dicere
996 1431 1176 1481 publice,

214 1496 330 1542 Quae
361 1496 545 1534 solitudo
574 1503 685 1533 esset
716 1497 757 1533 in
789 1497 910 1546 agris,
945 1509 1050 1546 quae
1083 1498 1275 1543 vastitas,

214 1561 350 1607 Quam
379 1561 552 1606 inculta,
586 1574 713 1611 quam
743 1561 923 1601 deserta.
957 1575 1085 1611 quani
1115 1563 1274 1612 passim
1304 1563 1448 1600 onmia

214 1626 392 1665 Relicta.

732 1704 925 1741 Caesar.

430 1769 540 1807 Vera
574 1768 888 1815 nieniorabant3
925 1782 1024 1807 nani
1060 1782 1144 1807 non
1179 1769 1305 1807 modo

211 1832 345 1871 Vrbes
376 1833 525 1880 nullas,
559 1834 631 1871 sed
664 1847 713 1871 ne
747 1835 861 1871 vicos
893 1834 951 1872 illi
984 1835 1155 1884 quidem

212 1898 263 1936 In
291 1902 484 1937 nostrum
519 1912 680 1937 morem
716 1899 952 1937 habebant:
990 1904 1039 1937 ut
1067 1900 1173 1945 fons,
1204 1904 1254 1937 ut
1281 1912 1444 1945 nemus,

212 1963 270 2002 Vt
299 1976 475 2014 campus
505 1964 734 2009 arridebat,
767 1965 881 2003 vicos
910 1968 954 2002 et
984 1965 1132 2003 domos

212 2028 444 2075 Locabant,
478 2033 521 2067 et
554 2030 692 2079 spatio
726 2030 902 2079 quisque
936 2043 1059 2068 suuni
1093 2030 1335 2068 aedificium

211 2093 525 2140 Circmndabat,
557 2099 600 2132 et
631 2095 833 2133 silvarum
863 2100 992 2145 atque
1023 2096 1250 2134 fluminum

211 2159 558 2209 Propinquitates
589 2160 778 2209 plerique
807 2160 1025 2210 petebant.

735 2270 919 2309 Cicero.

1079 2337 1179 2387 Agri
1211 2337 1251 2373 hi

211 2400 268 2438 Et
296 2400 456 2439 fertiles
485 2405 584 2439 sunt
613 2405 657 2439 et
687 2402 820 2451 specie
853 2402 1151 2440 amoenissimi.
