1756 2671
287 119 311 153 6
571 117 831 148 FRISCHLINVS,
861 117 989 144 JVLIVS
1010 117 1222 146 REDIVIVVS.
1261 116 1279 146 1.
1301 117 1322 142 l.

890 228 1083 266 Caesar.

372 292 622 331 Incredibile
652 297 717 331 est
746 293 877 338 dictu,
911 305 1038 342 quam
1068 292 1221 330 densae
1253 292 1352 330 olim
1384 292 1447 330 his
1478 292 1577 330 locis

290 369 345 394 110
371 358 509 397 Silvae
540 358 798 408 paludesque
829 357 1000 402 fuerint,
1031 358 1170 395 Marce
1201 357 1357 396 Cicero.

371 423 627 473 Perpetuam
657 423 834 461 dixisses
864 422 1015 460 silvam
1045 422 1330 461 Germaniam.

895 516 1080 554 Cicero.

372 582 500 620 Miror
528 581 730 631 profecto,
764 581 873 619 unde
905 581 982 618 hae
1013 585 1158 631 gentes
1188 585 1281 619 tum
1313 582 1511 619 vixerint.

892 675 1086 713 Caesar.

372 741 606 780 Frumenta
639 753 724 778 non
757 740 955 777 serebant
989 740 1102 785 olim,
1138 740 1212 778 sed
1245 740 1330 777 fere

373 805 578 844 Carnibus
607 809 651 843 et
680 806 788 843 lacte
820 805 1079 843 victitabant
1108 805 1281 843 incolae.

294 882 344 906 115
375 871 486 909 Nam
501 871 616 921 apud
629 884 700 909 eos
715 871 925 920 pecudum
941 883 1141 908 numerus
1155 875 1219 908 est
1235 884 1365 920 quam
1380 871 1605 909 maximus.

373 936 455 975 Sed
485 940 532 974 tu
562 936 753 974 nondum
782 936 904 981 dixti,
938 937 1010 985 qui
1040 936 1245 986 placuerit
1277 935 1355 974 tibi

373 1001 728 1053 Argentoratum,
758 1001 858 1039 urbs
886 1002 1074 1039 maxima
1101 1004 1144 1038 et
1174 1001 1435 1039 validissima

374 1066 425 1104 In
454 1066 613 1105 finibus
641 1066 877 1105 Trebocum
906 1071 948 1104 et
979 1067 1023 1104 in
1052 1067 1174 1104 istius
1204 1066 1282 1104 loci

375 1132 560 1182 Regione
591 1131 862 1170 fertilissima.

897 1220 947 1257 Ui
958 1234 977 1258 c
988 1234 1008 1257 e
1018 1234 1082 1258 ro.

891 1286 1101 1334 Perquam
1132 1286 1304 1335 opt-ime.

892 1378 1086 1417 Caesar.

294 1455 348 1479 120
374 1444 431 1482 Et·
460 1450 616 1482 natura
644 1449 687 1482 et
718 1444 1025 1482 munitionibus
1055 1444 1260 1494 oppidum
1289 1448 1351 1481 est

373 1510 534 1548 Tutum
564 1523 589 1548 a
618 1509 816 1560 periculo.

898 1592 946 1629 Gi
959 1608 978 1629 e
989 1606 1082 1629 ero.

863 1658 928 1695 Sic
960 1662 1138 1707 apparet
1167 1657 1378 1706 equidem.

893 1750 1086 1789 Caesar.

376 1816 663 1855 Pulcherrima
693 1816 794 1854 haec
826 1816 958 1854 totius
988 1815 1088 1853 urbs
1118 1815 1381 1855 Germaniae.

376 1882 492 1929 Quae
521 1886 565 1919 et
594 1881 803 1931 praesidio
832 1886 876 1918 et
906 1885 1155 1919 ornamento
1186 1882 1238 1918 sit
1272 1882 1448 1930 patriae.

898 1969 1083 2007 (ficero.

375 2035 441 2074 Sic
473 2034 672 2074 arbitror:
704 2038 999 2072 verumtamen
1030 2034 1132 2071 alias
1164 2047 1330 2084 quoque

296 2112 346 2136 125
375 2100 510 2139 Vrbes
540 2100 725 2137 vidimus
754 2104 795 2137 et
828 2104 981 2137 natura
1011 2099 1089 2137 loci
1119 2104 1159 2137 et
1193 2113 1322 2138 manu

377 2166 433 2204 Et
462 2164 661 2215 operibus
691 2165 950 2202 admirandis
981 2165 1300 2202 munitissimas.

893 2252 1087 2290 Caesar.

377 2319 446 2357 lta
474 2322 551 2364 est,
583 2318 657 2356 sed
686 2317 813 2366 hujus
843 2318 1030 2355 civitatis
1062 2319 1247 2355 maxima
1277 2323 1339 2355 est

379 2384 633 2429 Auctoritas,
667 2383 781 2433 quod
810 2387 853 2420 et·
883 2386 1098 2421 tormenta
1127 2383 1310 2432 plurima
