1756 2671
295 98 458 132 LXXVIII
838 95 1082 122 EINLEITUNG.

294 202 482 246 Equidem
515 202 546 234 si
578 201 774 245 respiciam
808 201 1027 233 memoriam
1060 199 1255 244 praeteriti
1287 199 1478 242 temporis,
1514 199 1626 232 video

226 258 275 285 130
293 248 332 281 in
352 248 421 282 hac
448 258 486 281 re
508 247 657 292 publica
678 251 822 290 semper
843 246 1014 279 floruisse
1035 246 1264 290 optimarum
1284 244 1477 278 literarum
1498 244 1626 278 studia

293 304 495 337 earumque
525 293 695 327 cultores.
735 292 854 333 Quam
877 291 926 325 ob
946 303 1024 324 rem
1048 302 1151 324 meus
1174 290 1311 327 Cicero,
1336 289 1446 334 quem
1468 291 1506 323 in
1524 301 1624 323 scae-

294 351 382 374 nam
418 341 594 384 produco,
631 340 727 372 sicut
756 342 793 371 et
824 338 956 372 Caesar
985 337 1108 372 Julius
1136 338 1233 371 inter
1262 335 1335 369 alia
1364 347 1438 370 non
1467 341 1623 380 possunt

293 387 387 420 satis
420 386 600 420 admirari
639 395 724 417 cum
764 384 856 418 alias
890 384 1109 417 Germaniae
1148 382 1292 416 scholas
1325 389 1408 417 tum
1440 382 1626 427 imprimis

294 436 459 465 vestram
478 431 734 465 Academiam,
762 431 801 463 in
827 441 900 473 qua
919 434 977 463 tot
997 430 1134 463 summi
1152 433 1190 463 et
1209 429 1407 463 clarissimi
1425 429 1498 461 viri
1515 429 1628 463 hodie

228 489 277 516 135
293 479 488 512 literarum
522 477 648 511 studia
683 476 920 521 profitentur.
990 476 1078 509 Fuit
1114 476 1212 509 enim
1247 474 1320 508 illis
1354 474 1628 518 antiquissimis

294 523 539 568 temporibuS‚
569 522 704 567 quibus
730 523 857 555 vixere
884 522 1017 556 Caesar
1051 526 1088 555 et
1115 522 1253 561 Cicero,
1288 522 1363 554 fuit.
1396 521 1550 564 inquam
1582 531 1626 554 ea

297 570 516 604 Germaniae
539 569 741 608 barbaries,
763 569 801 602 in
822 579 895 611 qua
916 568 989 601 viri
1008 572 1045 601 et
1066 568 1226 601 feminae
1246 567 1387 611 pariter
1407 567 1627 610 ignorarunt

294 617 489 650 litera-rum
513 619 666 654 secreta,
691 620 735 649 ut
757 619 922 648 testatur
946 614 1135 648 Cornelius
1158 613 1219 647 ille
1242 614 1406 647 Tacitus.
1454 613 1504 647 At
1528 622 1627 646 nunc

297 673 360 707 per
390 662 461 696 Dei
491 662 653 705 gratiam
684 672 759 694 non
789 660 900 694 Italia
933 661 1055 700 modo,
1088 661 1152 694 sed
1183 660 1298 694 etiam
1329 659 1483 693 Graecia
1514 658 1629 703 Alpes

230 720 278 745 140
298 713 445 741 nostras
473 707 736 741 transvolavit.
794 706 849 739 De
877 706 1019 750 reliquo
1049 706 1153 740 cultu
1182 706 1327 750 patriae
1355 709 1504 738 nost-rae
1534 705 1627 739 nihil

296 755 434 788 attinet
451 755 584 789 dicere.
612 753 708 787 Nam
727 754 758 786 is
777 754 870 787 adeo
889 753 1108 797 conspicuus
1122 758 1176 786 est
1194 752 1413 796 praesertim
1430 752 1469 785 in
1483 752 1628 795 magnis

297 801 451 845 Imperii
490 800 656 835 urbibus.
698 805 739 833 ut
775 805 901 833 nostra
935 800 1040 832 natio
1074 798 1166 831 nulli
1199 798 1263 831 alii
1295 798 1470 832 videatur
1503 797 1626 831 locum

297 848 437 881 cedere.
494 847 635 887 Quodsi
664 846 727 889 qui
756 846 982 884 exstiterint,
1014 845 1077 888 qui
1104 845 1233 879 laudes
1262 855 1363 877 meas
1390 844 1519 878 dicant
1548 854 1628 876 esse

297 893 480 931 sordidas,
519 893 605 936 quia
644 893 716 925 sint
749 892 850 935 genti
882 902 983 924 meae
1015 891 1197 935 propriae,
1230 890 1322 924 nihil
1352 901 1418 933 ego
1450 889 1629 923 movebor

232 951 280 976 145
298 940 455 973 istorum
484 940 668 977 orationm
704 949 789 971 nam
820 949 894 971 non
923 939 1033 972 modo
1062 937 1231 981 exempla
1266 936 1384 970 habeo
1414 940 1629 969 exterarum

297 987 478 1029 gentium.
508 986 546 1018 in
575 985 710 1028 quibus
740 985 839 1019 idem
867 983 984 1017 fecere
1014 985 1179 1027 ipsarum
1207 983 1419 1025 scriptores,
1449 983 1514 1016 sed
1539 982 1629 1015 novi

297 1033 426 1067 etiam.
461 1032 561 1075 quod
592 1042 679 1065 vera
712 1031 771 1064 hic
803 1031 1013 1074 scripserim
1046 1030 1211 1073 nihilque
1245 1029 1382 1062 nostris
1414 1027 1628 1062 hominibus

299 1077 515 1111 affinxerim
538 1088 656 1111 vanae
681 1081 747 1111 aut
771 1076 885 1110 falsae
908 1076 1055 1120 gloriae.
1094 1076 1219 1119 Atque
1243 1076 1389 1109 utinam
1412 1074 1477 1108 alii
1499 1073 1628 1118 populi

300 1129 365 1157 aut
394 1125 517 1157 minus
543 1129 663 1157 essent
700 1123 807 1157 nobis
842 1123 970 1166 iniqui,
1004 1123 1095 1156 dum
1122 1122 1260 1155 nostris
1287 1120 1459 1154 lardibus
1486 1119 1627 1164 passim

233 1180 282 1207 150
299 1170 516 1205 detrahunt,
549 1174 613 1203 aut
644 1174 742 1203 certe
772 1171 810 1203 111
836 1169 990 1203 laudum
1017 1178 1168 1202 suarum
1194 1167 1401 1212 praeconiis
1431 1166 1625 1210 aliquanto

301 1218 496 1260 parciores.
529 1217 600 1250 ‚Sed
621 1216 709 1259 quia
724 1217 771 1249 de
794 1215 866 1248 illis
885 1215 1097 1248 hominibus
1119 1225 1185 1247 suo
1207 1214 1286 1247 loco
1309 1217 1347 1246 et·
1369 1224 1434 1247 suo
1457 1218 1627 1256 tempore

299 1263 443 1297 dicetur
470 1275 491 1295 a
519 1262 638 1299 nobis,
666 1262 804 1295 idcirco
833 1262 917 1295 huic
945 1261 1126 1305 epistulae
1152 1260 1268 1293 finem
1294 1259 1480 1293 addimus.
1526 1258 1628 1292 Deus

301 1309 467 1353 optimus
490 1309 675 1342 maximus
696 1320 762 1341 vos
783 1313 1001 1350 vestrosque.
1022 1307 1154 1340 liberos
1175 1311 1212 1339 et
1232 1306 1328 1340 hanc
1349 1304 1627 1338 celeberrimam

302 1355 432 1388 urbem
460 1355 613 1398 ejusque
642 1354 830 1387 ecclesiam
863 1360 901 1388 ct
929 1353 1093 1387 scholam
1121 1354 1169 1387 ad
1199 1352 1359 1386 nominis
1392 1352 1450 1384 sui
1476 1351 1627 1385 laudem

236 1412 284 1439 155
303 1405 340 1434 et
355 1402 479 1437 decus,
490 1402 540 1435 ad
555 1402 765 1435 animarum
783 1404 994 1433 vestrarum
1009 1399 1182 1438 salutem,
1200 1400 1247 1433 ad
1258 1397 1466 1432 communis
1482 1397 1629 1442 patriae

303 1452 452 1481 nostrae
466 1448 773 1485 emolumentum,
791 1457 903 1489 quam
917 1446 1133 1480 diutissime
1149 1450 1354 1478 conservet.
1384 1443 1630 1487 Argentorati

304 1494 434 1528 Idibus
462 1493 684 1527 Novembris
710 1504 807 1526 anno
841 1494 937 1525 1584.

398 1574 468 1606 Die
495 1575 527 1606 2.
559 1573 732 1615 Ausgabe
764 1572 1003 1615 <St1·asslg›u1·g)
1036 1573 1124 1607 1587
1158 1568 1346 1611 (ebenfalls
1376 1569 1437 1602 bei
1466 1568 1629 1602 Jobinus

302 1620 532 1661 erschienen)
559 1620 608 1652 ist
634 1619 719 1652 dem
745 1618 994 1661 Danenkonig
1020 1617 1210 1651 Friedrich
1235 1616 1450 1660 gewidmet3
1477 1615 1542 1648 der
1568 1614 1629 1648 In-

302 1665 562 1746 }Zigilctſtrqgtseres
595 1666 751 1699 Stiickes
782 1665 874 1699 wird
903 1665 942 1698 in
972 1664 1036 1697 der
1066 1661 1431 1705 Dedikationselegie
1460 1660 1538 1694 also
1567 1660 1627 1693 be-

426 1775 564 1809 ·Julius
591 1777 658 1810 has
684 1778 846 1815 nostras,
875 1786 967 1818 quas
992 1785 1187 1817 nunquam
1214 1773 1374 1811 viderat«,
1402 1771 1510 1805 urbes

536 1823 709 1862 miratur,
737 1821 869 1855 laudat
895 1832 980 1854 cum
1006 1820 1181 1854 Cicerone
1205 1818 1347 1853 redux!

399 1886 470 1919 Die
497 1885 609 1918 letzte
636 1885 700 1919 der
728 1885 823 1919 noch
852 1895 927 1918 von
955 1882 1140 1918 Frischlin
1167 1882 1283 1916 selbst-
1312 1882 1505 1925 besorgten
1536 1881 1629 1914 Aus-

304 1933 424 1975 gaben
456 1933 507 1965 ist
539 1932 747 1975 Strassburg
782 1933 871 1965 1589
903 1930 1133 1968 erschienen3
1166 1929 1220 1963 sie
1244 1927 1394 1962 enthalt
1418 1928 1532 1961 ausser
1557 1926 1631 1960 den

307 1979 443 2012 bereits
475 1982 689 2022 genannten
721 1981 742 2012 5
767 1977 980 2011 Κοιᾙόὤθῃ
1012 1975 1067 2009 als
1099 1978 1130 2010 6.
1164 1974 1224 2009 die
1259 1972 1626 2017 ·Helvetiogermani’

305 2025 382 2058 und
406 2026 457 2058 ist
480 2035 605 2067 wegen
631 2024 694 2057 des
720 2023 943 2058 inzwischen
967 2021 1149 2065 erfolgten
1175 2021 1295 2055 Todes
1319 2019 1528 2054 Friedrichs
1553 2029 1630 2052 von

305 2070 521 2104 Danemark
552 2071 691 2104 seinem
725 2070 849 2104 Sohne
878 2068 956 2103 und
986 2068 1212 2112 Nachfolger
1243 2066 1431 2101 Christian
1462 2065 1526 2100 IV.
1561 2065 1631 2098 mit

305 2117 370 2151 der
383 2117 608 2160 Datim-ung:
626 2116 927 2159 Braunschweig,
945 2116 975 2149 1.
993 2113 1098 2159 April
1117 2116 1218 2153 1589,
1235 2113 1453 2157 zugeeignet,
1465 2111 1628 2145 worden.

401 2163 477 2196 Der
502 2163 632 2196 Druck
663 2162 759 2195 auch
791 2162 909 2196 dieser
936 2163 967 2195 3.
984 2161 1157 2204 Ausgabe
1184 2159 1341 2203 erfolgte
1367 2158 1427 2192 bei
1454 2157 1627 2192 Jobinus.

306 2210 376 2243 Die
389 2209 601 2242 Korrektur
616 2209 683 2241 hat
696 2208 761 2241 der
776 2208 966 2243 Verfasser
979 2205 1095 2240 selbst
1110 2206 1272 2250 besorgt‚
1286 2206 1355 2239 wie
1369 2203 1632 2238 verschiedene

304 2255 584 2289 Verzeichnisse
609 2265 684 2288 von
714 2254 871 2289 *Errata’
900 2252 1024 2287 lehren
1053 2251 1140 2297 (vgl.
1173 2252 1206 2286 S.
1235 2251 1381 2286 LXVII
1407 2251 1461 2292 f.).

402 2382 461 2416 134)
483 2382 572 2408 Errat.
593 2383 683 2407 ‘iuml
