1722 2663
122 683 194 708 1435

125 1793 139 1817 1
146 1793 202 1817 440

131 2119 201 2144 1445

407 106 668 139 Fuiscuvas,
688 107 818 136 JVLIVS
839 107 1051 138 REmvwvs.
1078 108 1122 139 111,
1142 108 1166 134 2.
1382 110 1444 143 113

691 217 876 256 Cicero.

551 282 661 320 Huic
702 295 778 333 ego
819 295 954 332 neque
996 282 1267 321 tribunatum
1307 296 1443 334 neque

987 348 1250 397 praefectum
1280 361 1416 399 neque

232 411 371 452 Vllius
391 411 585 450 beneficii
605 416 770 451 certum
790 426 945 450 nomen
964 416 1064 462 peto
1085 426 1221 463 neque
1241 413 1442 464 impedio,

1040 479 1279 528 quominus,

236 542 280 582 Si
321 541 400 581 tibi
440 544 503 581 ita
537 543 757 593 placuerit,
794 544 925 581 etiam
967 543 1078 581 hisce
1120 557 1217 582 cuni
1247 544 1445 594 gloriolae

984 608 1221 659 insignibus

235 673 386 720 Ornes;
434 676 576 712 totum
621 673 802 723 denique
849 662 1062 711 hominem
1109 673 1187 711 tibi
1233 675 1356 713 trado
1394 675 1444 713 de

270 733 279 745 '
999 752 1130 777 manu
1170 740 1213 777 in
1255 753 1444 779 manum.

689 816 883 854 Caesar.

236 880 361 926 Quod
391 894 546 919 nomen
576 880 635 918 illi
665 882 754 918 est?

694 969 879 1007 Cicero.

773 1034 949 1072 Eobano
981 1035 1129 1072 Hesso.

690 1117 883 1155 Caesar.

1118 1182 1207 1233 Ego
1239 1184 1446 1233 accipiam

993 1248 1111 1285 illum
1131 1248 1197 1285 vel
1228 1252 1304 1286 tua

236 1313 387 1351 Causa.

694 1378 878 1417 Cicero.

470 1444 591 1483 Facis
639 1444 843 1495 profecto,
895 1444 1009 1494 quod
1056 1448 1098 1481 te
1142 1444 1318 1495 dignum
1365 1450 1442 1490 est,

979 1510 1139 1559 optime
1171 1509 1335 1548 Caesar.

662 1586 912 1624 Eobanus,

237 1652 360 1698 Dive,
394 1651 548 1702 quibus
578 1651 707 1698 caelo,
741 1651 904 1697 Caesar,
938 1657 980 1689 te
1011 1651 1209 1689 laudibus
1240 1664 1418 1701 aequem
1430 1653 1443 1689 ’ξ

239 1717 273 1756 Ο
302 1717 376 1755 lux
404 1717 629 1763 Ausoniae,
661 1730 755 1767 spes
785 1730 809 1755 o
838 1717 1048 1755 fidissima
1075 1721 1282 1755 nostrum.

239 1782 355 1828 Quae
383 1786 530 1821 tantae
558 1786 730 1820 tenuere
758 1795 899 1820 morae
911 1783 924 1820 ’ἲ
955 1782 1069 1829 Quis,
1098 1782 1261 1828 Caesar,
1291 1782 1344 1820 ab
1364 1783 1448 1820 oris

238 1847 501 1898 Exspectate
532 1848 674 1885 venis?
712 1847 772 1887 Vt
802 1851 856 1894 te,
890 1848 1112 1886 mitissime
1144 1847 1308 1893 Caesar,

238 1913 341 1951 Post
369 1914 509 1951 varios
537 1926 671 1959 casuS,
701 1916 800 1962 post
827 1916 894 1950 tot
921 1912 1166 1951 discrimina
1193 1926 1333 1951 rerum

238 1978 438 2016 Defessus
461 1978 584 2016 video
597 1980 609 2015 ’ἓ
656 1977 820 2029 Magnis
843 1979 898 2016 sit
920 1978 1058 2028 gratia
1080 1978 1201 2024 divis,

238 2043 493 2094 Auspicibus
523 2047 743 2082 tantorum
772 2056 959 2093 operum,
993 2043 1108 2093 quod
1137 2043 1307 2081 sedibus
1353 2043 1449 2082 Orci

242 2108 333 2147 Has
360 2108 529 2147 voluere
558 2109 722 2147 animas
750 2108 805 2146 ad
831 2112 1022 2146 nostram
1050 2108 1247 2146 accedere
1275 2112 1445 2146 terrain.

237 2173 448 2213 Sublimes
481 2175 644 2212 animas
675 2175 914 2224 iterumque
948 2173 1003 2212 ad
1035 2173 1160 2212 tarda
1191 2174 1346 2211 reverti

239 2239 436 2289 Corpora,
479 2239 691 2277 caelorum
731 2252 884 2289 supera
924 2243 973 2277 ut
1013 2252 1204 2277 convexa
1244 2239 1444 2277 revisant.

241 2303 320 2342 Eia
351 2317 439 2355 age,
474 2317 623 2355 magne
654 2307 789 2354 pater,
822 2304 1043 2343 Germanis
1073 2304 1237 2342 reddite
1267 2305 1401 2344 terris,

241 2369 306 2408 Sis
342 2369 442 2407 felix
478 2373 756 2419 nostrumque
792 2370 905 2407 leves
940 2370 1100 2419 pietate
1137 2369 1338 2407 laborem.

199 2451 262 2478 Lat.
282 2450 563 2477 Litteraturdenkm.
585 2451 616 2476 19
1199 2450 1219 2484 8
