1756 2671
326 86 366 121 14
574 86 834 118 FRISCHLINVS,
862 87 989 114 JVLIVS
1012 87 1225 116 REDIVIVVS.
1262 88 1281 119 Ι,
1301 88 1330 120 1;
1349 89 1373 115 2.

930 198 1114 236 Cicero.

664 262 757 300 Huc·
792 263 847 300 ad
878 276 954 300 nos
987 266 1103 301 recta
1134 264 1272 313 pergit
1304 263 1429 302 homo
1461 264 1624 302 ferreus

405 327 492 364 Aut
524 327 730 365 Romulus
761 328 867 365 alter
897 332 972 365 aut
1001 332 1111 366 certe
1141 329 1230 379 ipse
1261 329 1387 366 Mars.

924 421 1118 460 Caesar.

1380 487 1506 526 Nova
1540 493 1605 526 est

323 562 378 585 πω
405 551 461 588 Et
490 552 699 588 inusitata
729 552 808 589 viri
838 553 1014 601 species;
1046 553 1147 598 sine,
1179 553 1333 594 Cicero,

407 616 702 662 Observemus,
732 630 815 666 quo
841 617 968 655 abeat
994 621 1069 655 aut
1095 630 1224 667 quam
1250 631 1337 656 rem
1363 618 1485 656 isthic
1514 622 1641 668 agat!

713 857 888 896 ACTVS
922 857 955 895 I.
985 857 1205 895 SCAENA
1234 857 1293 895 II.

611 945 865 983 Hermann
878 959 945 984 us.
1000 947 1193 984 Caesar.
1249 946 1419 984 Cicero

856 1074 1190 1112 hermannus.

408 1139 617 1176 Proelium
648 1139 880 1178 secundum
910 1140 1042 1177 nostri
1073 1140 1316 1177 commisere
1348 1139 1466 1177 alarii

408 1204 604 1253 Equitesg
646 1218 745 1242 nam
778 1205 1088 1255 quinquaginta
1117 1218 1289 1243 omnem
1318 1204 1641 1243 multitudinem-

1207 1270 1395 1308 hostium

407 1335 704 1384 Propulerunt.

926 1419 1119 1456 Caesar.

576 1483 755 1521 Militem
785 1488 861 1521 aut
889 1484 1040 1521 ducem
1071 1483 1284 1533 quendam
1311 1497 1400 1521 esse
1431 1484 1642 1522 exercitus

328 1560 378 1581 ταῦ,
410 1547 571 1586 Indicio
601 1553 666 1586 est
696 1550 845 1587 oratio.

925 1650 955 1687 C
964 1650 975 1686 i
984 1662 1004 1686 c
1015 1662 1035 1687 e
1045 1662 1108 1687 ro.

884 1715 972 1765 Ego
987 1714 1217 1752 Merionen]
1232 1714 1352 1752 illum
1366 1714 1641 1752 Homericum

408 1778 510 1816 Esse
531 1779 655 1817 credo
677 1780 823 1817 tunica
842 1780 1029 1817 cinctum
1050 1779 1340 1817 adamantina.

857 1868 1189 1905 Hermannus.

1268 1933 1396 1971 Pauci
1411 1932 1644 1971 admodum

407 1998 469 2035 De
498 1998 653 2035 nostris
681 1998 936 2043 ceciderunt,
967 1999 1038 2047 qui
1066 1998 1260 2048 cupidius
1287 2011 1438 2048 agmen
1464 1998 1642 2036 novissi-

1184 2077 1303 2101 mum

409 2128 597 2166 Insecuti
626 2128 797 2166 fuerant
828 2133 956 2178 atque
988 2129 1190 2167 audacius
1220 2128 1448 2167 subsistere

409 2193 673 2243 Hostemque
691 2207 742 2231 ex
760 2195 924 2244 agmine
943 2195 1173 2232 novissimo
1185 2193 1385 2231 lacessere
1401 2197 1641 2243 coeperant.

926 2288 957 2327 C
966 2302 989 2326 a
999 2301 1021 2326 e
1029 2302 1047 2326 s
1056 2302 1081 2326 a
1089 2301 1121 2326 r.

327 2364 381 2388 210
407 2353 615 2391 Pristinae
633 2354 804 2391 virtutis
817 2354 860 2391 in
874 2353 952 2391 hoc
968 2354 1124 2391 residet
1138 2353 1354 2391 memoria.
