1722 2663
381 125 641 158 FRJSCHMNVS„
659 125 790 152 JVLIVS
810 125 1023 155 REDIVIVVS.
1062 127 1094 158 ΙΙ,
1119 128 1142 152 3.
1377 130 1421 164 67

634 236 970 274 Hermannus.

442 300 553 347 Quid
583 314 682 339 vero
714 300 834 341 Galli.
868 301 970 350 quid
1000 302 1195 340 Haedui?

705 408 899 445 Caesar.

1207 473 1318 520 Quid

952 538 1145 576 Haedui?

184 604 337 654 Magno
367 604 530 654 impetu
560 603 668 641 Galli
699 603 834 653 primo
865 608 1131 653 procurrunt,
1164 604 1368 641 audacter

959 668 1099 706 locum

100 746 151 770 885
182 735 368 785 Capiunt
398 746 533 784 neque
567 734 733 771 ordines
764 747 861 771 suos
895 747 1146 784 magnopere
1173 739 1346 772 servant
1379 736 1420 772 in

958 800 1060 844 acie,

184 865 286 903 Rari
310 869 354 902 et
378 864 554 914 dispersi
579 869 786 914 pugnant.
836 864 877 902 Si
903 869 1165 914 premantur,
1194 870 1313 911 terga,

959 935 1135 974 vertere,

183 995 339 1033 Pedem
369 995 533 1040 referre,
564 995 654 1033 loco
684 1008 759 1031 suo
788 996 988 1032 excedere
1020 1008 1105 1033 non
1134 1000 1256 1045 turpe

959 1061 1221 1098 existimant.

183 1126 307 1172 Quod
331 1125 382 1163 de
409 1125 618 1164 tironibus
644 1130 801 1164 tamen.
833 1139 915 1163 non
941 1126 991 1163 de
1021 1127 1230 1163 veteranis
1256 1126 1420 1164 dictum

962 1191 1070 1229 volo.

632 1268 969 1305 Hermannus.

182 1333 240 1371 At
271 1333 471 1371 Germani
502 1332 668 1370 ordines
700 1337 873 1370 servant
904 1346 1040 1382 neque
1073 1346 1098 1370 a
1129 1334 1257 1383 signis

958 1399 1183 1436 temerario

99 1475 158 1499 890
181 1464 298 1501 Ausu
330 1463 554 1501 discedunt
586 1476 720 1513 neque
754 1464 840 1500 sine
873 1465 991 1513 gravi
1023 1476 1152 1501 causa
1184 1476 1309 1513 quem

959 1529 1136 1578 quisque
1166 1528 1308 1567 locum

180 1594 303 1644 Cepit
332 1594 501 1632 deserit.
563 1594 738 1632 Habent
768 1595 882 1632 enim
912 1594 988 1632 hoc
1022 1594 1221 1632 Germani
1253 1595 1418 1632 avitum

955 1664 999 1697 et
1029 1660 1218 1709 patrium

180 1725 373 1763 Perstare
403 1725 447 1762 in
477 1725 576 1770 acie,
610 1724 773 1762 nullum
802 1725 961 1762 frustra
990 1724 1124 1763 telum
1152 1725 1197 1762 in
1225 1725 1391 1763 hostem

957 1791 1140 1835 mittere,

179 1855 404 1905 Nusquam
424 1856 648 1906 procedere
670 1856 949 1893 inconsultius
970 1869 1044 1893 nec
1066 1855 1233 1893 hostem
1254 1855 1419 1905 longius

179 1921 352 1958 Temere
384 1921 570 1970 insequi:
603 1926 697 1958 tum
728 1921 761 1958 si
795 1921 910 1971 quod
941 1925 1165 1971 acceptum

955 1986 1262 2024 detrimentum
1294 1986 1385 2029 siet,

99 2062 153 2087 895
181 2051 380 2090 Celeriter
409 2051 574 2089 sarcire.

713 2117 907 2155 Caesar.

630 2182 773 2220 Vnum
799 2186 876 2225 est,
907 2182 1021 2232 quod
1048 2182 1231 2220 maxime
1259 2182 1361 2219 scire

955 2248 1093 2297 cupio,
1126 2246 1302 2284 Armini.

631 2324 966 2362 Hermannus.

183 2388 422 2434 Quidnam?

1163 2471 1208 2505 5*
