1756 2671
143 308 177 332 25

138 635 175 658 30

141 961 176 985 35

137 1287 175 1311 40

140 1613 175 1637 45

136 1939 175 1964 50

139 2265 174 2290 55

333 120 598 152 FRlSCHLlNVS‚
618 120 748 148 JULIVS
770 120 983 150 REDlVlVVS.
1022 119 1240 150 PROLOGVS.
1421 122 1444 155 3

210 232 334 282 Apud
362 244 438 270 vos
461 243 683 281 nunquam
708 232 953 281 cogitastis?
1006 230 1130 276 Hem,
1159 234 1316 268 tacent.

207 297 345 335 Verax
379 309 485 335 sum.
548 296 659 343 Quid
691 296 726 334 si
759 296 889 346 aliqui
922 297 1188 346 reperiantur
1218 295 1356 341 hodie,

207 362 288 409 Qui
316 366 410 401 toto
437 366 642 412 tempore,
672 374 757 411 quo
784 362 898 400 vitae
927 374 1082 400 aevum
1108 361 1365 411 transigunt,

203 428 437 478 Nunquam
467 428 676 466 rationem
708 428 856 465 mortis
888 440 987 465 suae
1020 426 1326 465 subduxerint?

205 493 281 532 Sat
311 493 467 539 habeo;
499 505 601 531 nam
631 505 824 530 veracem
854 505 943 529 esse
975 491 1143 530 ostendi
1173 491 1329 541 palam.

203 558 327 596 Nunc
357 557 460 608 quid
487 561 639 608 poetae
667 559 836 595 nomine
867 557 1046 596 afferam
1075 557 1156 595 huc
1185 557 1299 602 novi,

205 624 357 662 Paucis
388 623 632 673 expediam:
668 623 834 661 Marcus
868 623 1010 661 Cicero
1043 627 1087 660 et
1119 622 1260 661 Julius

205 688 358 727 Caesar
387 688 501 739 apud
531 688 675 726 Ditem
706 692 886 738 patrem,
918 701 1059 738 regem
1088 688 1269 732 Tartari,

203 754 307 792 Meis
337 754 557 792 obtinuere
587 754 794 803 precibus,
827 753 905 791 sibi
936 758 985 791 ut
1014 753 1119 791 duce

203 819 400 857 Mercurii
430 818 593 869 virgula
622 818 767 856 liceret
796 819 904 857 hanc
934 832 1092 856 novam

205 884 404 922 Lustrare
435 884 567 923 oculis
596 883 881 922 Germaniam.
939 883 1052 922 Nam
1081 882 1294 933 cupiditas

206 949 306 988 Illos
334 950 495 988 invasit
523 949 600 987 has
630 948 802 987 videndi
831 948 991 987 fertiles

205 1014 355 1053 Terras
382 1019 427 1052 et
456 1014 580 1052 urbes
608 1018 653 1052 et
682 1014 875 1053 homines
903 1016 1017 1065 ipsos
1046 1027 1193 1052 novos.

205 1079 318 1119 Novi
346 1081 460 1118 enim
489 1080 643 1118 cotidie
675 1081 854 1118 veniunt
887 1079 942 1118 ad
974 1079 1130 1118 inferos

206 1145 271 1183 Ex
299 1145 378 1184 hac
409 1145 637 1184 Germania
665 1145 867 1190 homines,
901 1158 1080 1195 quorum
1110 1144 1251 1183 Julius

204 1210 368 1249 Similes
397 1224 440 1249 se
470 1210 570 1249 olim
601 1210 754 1249 vidisse
785 1211 829 1248 in
858 1210 922 1248 his
951 1210 1052 1248 locis
1081 1214 1222 1260 negat.

205 1275 354 1327 Stygia
382 1276 504 1326 palus
534 1277 606 1314 vix
637 1276 798 1314 sufficit
828 1276 882 1314 ad
912 1277 1087 1314 nimiam
1118 1276 1233 1313 sitim

205 1341 380 1380 Illorum
409 1342 774 1392 restinguendam:
806 1341 911 1380 adeo
941 1342 1091 1379 misere
1122 1344 1334 1386 aestuant,

206 1406 416 1453 Quoniam
446 1408 534 1445 Vini
564 1407 735 1445 assiduo
764 1411 871 1457 potu
901 1407 1094 1445 ardorem
1125 1406 1204 1444 sibi

205 1471 293 1522 Ipsi
322 1485 397 1522 per
426 1485 557 1510 venas
586 1476 833 1511 contraxere
865 1473 1114 1510 maximum.

205 1537 287 1576 Sed
311 1537 362 1575 de
388 1537 465 1576 hoc
492 1537 595 1575 nihil
619 1538 662 1575 in
694 1539 926 1588 praesenti:
960 1550 1061 1575 nam
1086 1537 1187 1575 haec
1220 1536 1442 1575 comoedia

205 1602 256 1640 In
286 1602 456 1641 laudem
486 1604 669 1641 maxime
701 1603 816 1641 facta
845 1607 910 1640 est
940 1602 1204 1641 Germaniae.

205 1667 365 1714 Quodsi
396 1669 488 1718 quis
517 1673 594 1713 est,
628 1669 700 1718 qui
731 1672 920 1718 quaerat,
954 1668 1167 1718 quomodo
1197 1668 1398 1717 consequi

204 1732 296 1771 Hoc
326 1734 552 1783 potuerim,
584 1746 727 1772 rursus
757 1737 806 1772 ut
836 1733 890 1772 ab
919 1733 1064 1771 inferis
1094 1746 1188 1771 meo

204 1798 349 1836 Ductu
378 1798 460 1837 huc
490 1798 667 1837 redeant
695 1800 987 1849 incorporatae
1019 1799 1198 1844 animae,

204 1863 247 1901 Is
275 1863 387 1902 hunc
418 1864 651 1903 caduceum
680 1865 891 1914 inspiciat.
949 1864 1062 1903 Nam
1092 1863 1256 1914 virgula

204 1928 297 1967 Hac
328 1929 432 1967 alias
462 1930 626 1968 animas
656 1929 752 1968 Orci
782 1929 952 1968 sedibus
981 1942 1124 1975 evoco,

204 1993 319 2032 Alias
349 1994 428 2032 sub
457 1994 664 2045 pallidum
693 1995 857 2033 deduco
886 1995 1127 2033 Tartarum.

205 2059 296 2097 Hac
325 2064 461 2098 morte
489 2061 654 2111 resigno
682 2060 903 2098 hominum
930 2060 1085 2105 oculos,
1116 2060 1193 2097 hac
1224 2060 1382 2105 ausc-ro,

208 2123 300 2162 Hac
323 2124 455 2163 reddo
479 2138 660 2171 somnos,
686 2126 764 2164 hac
788 2125 985 2175 rapidum
1009 2129 1132 2164 trano
1163 2129 1318 2163 aerem.

206 2189 425 2235 Quantum
459 2190 514 2228 ad
547 2190 802 2236 Ciceronem,
838 2190 943 2228 bene
978 2204 1089 2229 nunc
1123 2191 1203 2241 ipsi
1237 2190 1438 2227 convenit

204 2254 309 2294 Cum
341 2254 516 2294 Caesare
548 2268 623 2294 nec
656 2256 764 2294 male
796 2270 893 2294 cum
925 2256 1119 2295 Cicerone
1153 2255 1332 2294 Caesari.

203 2319 315 2358 Nam
345 2320 581 2367 discidium,
614 2321 727 2371 quod
756 2321 836 2360 illis
864 2322 908 2359 in
938 2322 1030 2360 vita
1058 2321 1152 2366 fuit,

204 2384 331 2424 Pluto
361 2387 600 2436 composuit
629 2386 834 2425 mandato
864 2378 1043 2424 silentio.

1186 2468 1226 2501 1*
