<?xml version="1.0" encoding="UTF-8"?>
<!DOCTYPE html PUBLIC "-//W3C//DTD XHTML 1.0 Transitional//EN"
    "http://www.w3.org/TR/xhtml1/DTD/xhtml1-transitional.dtd">
<html xmlns="http://www.w3.org/1999/xhtml" xml:lang="en" lang="en">
 <head>
  <title>
</title>
<meta http-equiv="Content-Type" content="text/html;charset=utf-8" />
  <meta name='ocr-system' content='tesseract 3.04.00' />
  <meta name='ocr-capabilities' content='ocr_page ocr_carea ocr_par ocr_line ocrx_word'/>
</head>
<body>
  <div class='ocr_page' id='page_1' title='image "./jvlivsredivivvs00frisuoft_0241.png"; bbox 0 0 1722 2663; ppageno 0'>
   <div class='ocr_carea' id='block_1_1' title="bbox 135 613 209 639">
    <p class='ocr_par' dir='ltr' id='par_1_1' title="bbox 135 613 209 639">
     <span class='ocr_line' id='line_1_1' title="bbox 135 613 209 639; baseline -0.027 -1"><span class='ocrx_word' id='word_1_1' title='bbox 135 613 209 639; x_wconf 83' lang='lat'>1760</span> 
     </span>
    </p>
   </div>
   <div class='ocr_carea' id='block_1_2' title="bbox 140 1383 209 1407">
    <p class='ocr_par' dir='ltr' id='par_1_2' title="bbox 140 1383 209 1407">
     <span class='ocr_line' id='line_1_2' title="bbox 140 1383 209 1407; baseline 0 -1"><span class='ocrx_word' id='word_1_2' title='bbox 140 1383 209 1407; x_wconf 73' lang='lat'>1765</span> 
     </span>
    </p>
   </div>
   <div class='ocr_carea' id='block_1_3' title="bbox 411 119 1452 155">
    <p class='ocr_par' dir='ltr' id='par_1_3' title="bbox 411 119 1452 155">
     <span class='ocr_line' id='line_1_3' title="bbox 411 119 1452 155; baseline -0.003 -7"><span class='ocrx_word' id='word_1_3' title='bbox 411 119 818 151; x_wconf 72' lang='lat' dir='ltr'>FRISCHLINVS,JVL1VS</span> <span class='ocrx_word' id='word_1_4' title='bbox 839 119 1051 149; x_wconf 71' lang='lat' dir='ltr'>Rfimvivvs.</span> <span class='ocrx_word' id='word_1_5' title='bbox 1079 120 1126 151; x_wconf 83' lang='grc' dir='ltr'>ιν,</span> <span class='ocrx_word' id='word_1_6' title='bbox 1150 120 1175 146; x_wconf 84' lang='lat'>2.</span> <span class='ocrx_word' id='word_1_7' title='bbox 1388 121 1452 155; x_wconf 68' lang='lat'>143</span> 
     </span>
    </p>
   </div>
   <div class='ocr_carea' id='block_1_4' title="bbox 475 231 1450 346">
    <p class='ocr_par' dir='ltr' id='par_1_4' title="bbox 475 231 1450 346">
     <span class='ocr_line' id='line_1_4' title="bbox 624 231 960 269; baseline 0 -1"><span class='ocrx_word' id='word_1_8' title='bbox 624 231 724 269; x_wconf 81' lang='lat' dir='ltr'>Her</span> <span class='ocrx_word' id='word_1_9' title='bbox 735 243 960 268; x_wconf 87' lang='lat' dir='ltr'>mannus.</span> 
     </span>
     <span class='ocr_line' id='line_1_5' title="bbox 475 295 1450 346; baseline -0.001 -12"><span class='ocrx_word' id='word_1_10' title='bbox 475 296 588 334; x_wconf 75' lang='lat' dir='ltr'>Novi</span> <span class='ocrx_word' id='word_1_11' title='bbox 614 309 713 334; x_wconf 82' lang='lat' dir='ltr'>sane</span> <span class='ocrx_word' id='word_1_12' title='bbox 740 296 902 346; x_wconf 86' lang='lat' dir='ltr'>aliquos</span> <span class='ocrx_word' id='word_1_13' title='bbox 928 295 1201 334; x_wconf 83' lang='lat' dir='ltr'>oombibones</span> <span class='ocrx_word' id='word_1_14' title='bbox 1225 296 1450 345; x_wconf 77' lang='lat' dir='ltr'>ejusmodi.</span> 
     </span>
    </p>
   </div>
   <div class='ocr_carea' id='block_1_5' title="bbox 243 407 1454 640">
    <p class='ocr_par' dir='ltr' id='par_1_5' title="bbox 243 407 1454 640">
     <span class='ocr_line' id='line_1_6' title="bbox 645 407 937 445; baseline 0.003 -2"><span class='ocrx_word' id='word_1_15' title='bbox 645 407 937 445; x_wconf 79' lang='lat' dir='ltr'>Mercurius.</span> 
     </span>
     <span class='ocr_line' id='line_1_7' title="bbox 244 471 1454 522; baseline -0.002 -12"><span class='ocrx_word' id='word_1_16' title='bbox 244 472 325 518; x_wconf 84' lang='lat' dir='ltr'>Qui</span> <span class='ocrx_word' id='word_1_17' title='bbox 373 471 553 522; x_wconf 79' lang='lat' dir='ltr'>cyathos</span> <span class='ocrx_word' id='word_1_18' title='bbox 601 475 781 521; x_wconf 88' lang='lat' dir='ltr'>possunt</span> <span class='ocrx_word' id='word_1_19' title='bbox 831 485 1010 509; x_wconf 81' lang='lat' dir='ltr'>vacuare</span> <span class='ocrx_word' id='word_1_20' title='bbox 1062 472 1358 522; x_wconf 78' lang='lat' dir='ltr'>amplissimos,</span> <span class='ocrx_word' id='word_1_21' title='bbox 1409 471 1454 509; x_wconf 89' lang='lat' dir='ltr'>hi</span> 
     </span>
     <span class='ocr_line' id='line_1_8' title="bbox 994 538 1227 575; baseline 0.004 -1"><span class='ocrx_word' id='word_1_22' title='bbox 994 538 1227 575; x_wconf 76' lang='lat' dir='ltr'>maximam</span> 
     </span>
     <span class='ocr_line' id='line_1_9' title="bbox 243 602 985 640; baseline -0.001 0"><span class='ocrx_word' id='word_1_23' title='bbox 243 602 366 640; x_wconf 86' lang='lat' dir='ltr'>Nunc</span> <span class='ocrx_word' id='word_1_24' title='bbox 388 603 499 640; x_wconf 74' lang='lat' dir='ltr'>inter</span> <span class='ocrx_word' id='word_1_25' title='bbox 520 616 617 640; x_wconf 78' lang='lat' dir='ltr'>suos</span> <span class='ocrx_word' id='word_1_26' title='bbox 639 602 807 640; x_wconf 85' lang='lat' dir='ltr'>laudem</span> <span class='ocrx_word' id='word_1_27' title='bbox 829 602 985 640; x_wconf 80' lang='lat' dir='ltr'>ferunt.</span> 
     </span>
    </p>
   </div>
   <div class='ocr_carea' id='block_1_6' title="bbox 245 715 1451 960">
    <p class='ocr_par' dir='ltr' id='par_1_6' title="bbox 245 715 1451 960">
     <span class='ocr_line' id='line_1_10' title="bbox 626 715 961 752; baseline -0.003 0"><span class='ocrx_word' id='word_1_28' title='bbox 626 715 725 752; x_wconf 85' lang='lat' dir='ltr'>Her</span> <span class='ocrx_word' id='word_1_29' title='bbox 737 727 961 752; x_wconf 81' lang='lat' dir='ltr'>mannus.</span> 
     </span>
     <span class='ocr_line' id='line_1_11' title="bbox 1021 779 1394 817; baseline 0 -1"><span class='ocrx_word' id='word_1_30' title='bbox 1021 779 1118 817; x_wconf 80' lang='lat' dir='ltr'>Non</span> <span class='ocrx_word' id='word_1_31' title='bbox 1144 779 1306 817; x_wconf 81' lang='lat' dir='ltr'>infitias</span> <span class='ocrx_word' id='word_1_32' title='bbox 1332 792 1394 817; x_wconf 83' lang='lat' dir='ltr'>eo.</span> 
     </span>
     <span class='ocr_line' id='line_1_12' title="bbox 633 845 924 883; baseline 0.003 -1"><span class='ocrx_word' id='word_1_33' title='bbox 633 845 924 883; x_wconf 73' lang='lat' dir='ltr'>Mercurius.</span> 
     </span>
     <span class='ocr_line' id='line_1_13' title="bbox 245 909 1451 960; baseline -0.002 -11"><span class='ocrx_word' id='word_1_34' title='bbox 245 910 440 949; x_wconf 81' lang='lat' dir='ltr'>Sobrium</span> <span class='ocrx_word' id='word_1_35' title='bbox 471 924 492 947; x_wconf 84' lang='lat' dir='ltr'>e</span> <span class='ocrx_word' id='word_1_36' title='bbox 525 923 629 948; x_wconf 83' lang='lat' dir='ltr'>cena</span> <span class='ocrx_word' id='word_1_37' title='bbox 660 910 880 960; x_wconf 81' lang='lat' dir='ltr'>desurgere</span> <span class='ocrx_word' id='word_1_38' title='bbox 912 911 956 948; x_wconf 89' lang='lat' dir='ltr'>in</span> <span class='ocrx_word' id='word_1_39' title='bbox 988 911 1242 959; x_wconf 73' lang='lat' dir='ltr'>turpissimis</span> <span class='ocrx_word' id='word_1_40' title='bbox 1276 909 1451 947; x_wconf 83' lang='lat' dir='ltr'>habent.</span> 
     </span>
    </p>
   </div>
   <div class='ocr_carea' id='block_1_7' title="bbox 244 1010 1451 1114">
    <p class='ocr_par' dir='ltr' id='par_1_7' title="bbox 244 1010 1451 1114">
     <span class='ocr_line' id='line_1_14' title="bbox 625 1010 961 1048; baseline 0 -1"><span class='ocrx_word' id='word_1_41' title='bbox 625 1010 961 1048; x_wconf 83' lang='lat' dir='ltr'>Hermannus.</span> 
     </span>
     <span class='ocr_line' id='line_1_15' title="bbox 244 1075 1451 1114; baseline -0.001 -1"><span class='ocrx_word' id='word_1_42' title='bbox 244 1075 302 1113; x_wconf 86' lang='lat' dir='ltr'>At</span> <span class='ocrx_word' id='word_1_43' title='bbox 330 1075 459 1114; x_wconf 87' lang='lat' dir='ltr'>nihilo</span> <span class='ocrx_word' id='word_1_44' title='bbox 487 1075 636 1113; x_wconf 83' lang='lat' dir='ltr'>melius</span> <span class='ocrx_word' id='word_1_45' title='bbox 663 1075 905 1113; x_wconf 76' lang='lat' dir='ltr'>consultum</span> <span class='ocrx_word' id='word_1_46' title='bbox 933 1075 1057 1113; x_wconf 85' lang='lat' dir='ltr'>rebus</span> <span class='ocrx_word' id='word_1_47' title='bbox 1084 1080 1148 1112; x_wconf 81' lang='lat' dir='ltr'>est</span> <span class='ocrx_word' id='word_1_48' title='bbox 1177 1075 1451 1113; x_wconf 73' lang='lat' dir='ltr'>Germanicis.</span> 
     </span>
    </p>
   </div>
   <div class='ocr_carea' id='block_1_8' title="bbox 243 1176 1455 1848">
    <p class='ocr_par' dir='ltr' id='par_1_8' title="bbox 243 1176 1455 1848">
     <span class='ocr_line' id='line_1_16' title="bbox 648 1176 939 1213; baseline 0.003 -1"><span class='ocrx_word' id='word_1_49' title='bbox 648 1176 939 1213; x_wconf 75' lang='lat' dir='ltr'>Mercurius.</span> 
     </span>
     <span class='ocr_line' id='line_1_17' title="bbox 245 1240 1454 1291; baseline -0.001 -13"><span class='ocrx_word' id='word_1_50' title='bbox 245 1240 392 1278; x_wconf 87' lang='lat' dir='ltr'>Militis</span> <span class='ocrx_word' id='word_1_51' title='bbox 409 1242 597 1291; x_wconf 75' lang='lat' dir='ltr'>generosi</span> <span class='ocrx_word' id='word_1_52' title='bbox 615 1245 679 1278; x_wconf 73' lang='lat' dir='ltr'>est</span> <span class='ocrx_word' id='word_1_53' title='bbox 689 1254 810 1290; x_wconf 78' lang='lat' dir='ltr'>posse</span> <span class='ocrx_word' id='word_1_54' title='bbox 829 1240 999 1280; x_wconf 77' lang='lat' dir='ltr'>famem.</span> <span class='ocrx_word' id='word_1_55' title='bbox 1012 1253 1132 1290; x_wconf 78' lang='lat' dir='ltr'>posse</span> <span class='ocrx_word' id='word_1_56' title='bbox 1152 1241 1267 1277; x_wconf 77' lang='lat' dir='ltr'>sitim</span> <span class='ocrx_word' id='word_1_57' title='bbox 1286 1240 1454 1277; x_wconf 82' lang='lat' dir='ltr'>fortiter</span> 
     </span>
     <span class='ocr_line' id='line_1_18' title="bbox 243 1305 1423 1356; baseline -0.002 -12"><span class='ocrx_word' id='word_1_58' title='bbox 243 1305 477 1344; x_wconf 69' lang='lat' dir='ltr'>sustinere.</span> <span class='ocrx_word' id='word_1_59' title='bbox 516 1306 574 1344; x_wconf 86' lang='lat' dir='ltr'>At</span> <span class='ocrx_word' id='word_1_60' title='bbox 603 1306 746 1356; x_wconf 72' lang='lat' dir='ltr'>quales</span> <span class='ocrx_word' id='word_1_61' title='bbox 774 1306 814 1343; x_wconf 84' lang='lat' dir='ltr'>hi</span> <span class='ocrx_word' id='word_1_62' title='bbox 845 1306 1044 1343; x_wconf 73' lang='lat' dir='ltr'>videntur</span> <span class='ocrx_word' id='word_1_63' title='bbox 1070 1306 1113 1342; x_wconf 90' lang='grc'>111</span> <span class='ocrx_word' id='word_1_64' title='bbox 1141 1307 1226 1343; x_wconf 73' lang='lat' dir='ltr'>acie</span> <span class='ocrx_word' id='word_1_65' title='bbox 1257 1305 1423 1350; x_wconf 83' lang='lat' dir='ltr'>milites,</span> 
     </span>
     <span class='ocr_line' id='line_1_19' title="bbox 249 1371 1453 1417; baseline -0.002 -8"><span class='ocrx_word' id='word_1_66' title='bbox 249 1371 329 1417; x_wconf 81' lang='lat' dir='ltr'>Qui</span> <span class='ocrx_word' id='word_1_67' title='bbox 352 1372 424 1409; x_wconf 87' lang='lat' dir='ltr'>vix</span> <span class='ocrx_word' id='word_1_68' title='bbox 445 1384 575 1409; x_wconf 87' lang='lat' dir='ltr'>unam</span> <span class='ocrx_word' id='word_1_69' title='bbox 596 1371 743 1409; x_wconf 83' lang='lat' dir='ltr'>horam</span> <span class='ocrx_word' id='word_1_70' title='bbox 766 1371 923 1408; x_wconf 78' lang='lat' dir='ltr'>nedum</span> <span class='ocrx_word' id='word_1_71' title='bbox 945 1371 1055 1409; x_wconf 84' lang='lat' dir='ltr'>diem</span> <span class='ocrx_word' id='word_1_72' title='bbox 1079 1372 1166 1408; x_wconf 82' lang='lat' dir='ltr'>sine</span> <span class='ocrx_word' id='word_1_73' title='bbox 1190 1372 1288 1408; x_wconf 81' lang='lat' dir='ltr'>vino</span> <span class='ocrx_word' id='word_1_74' title='bbox 1311 1372 1453 1408; x_wconf 76' lang='lat' dir='ltr'>vivere</span> 
     </span>
     <span class='ocr_line' id='line_1_20' title="bbox 248 1436 1454 1486; baseline -0.001 -12"><span class='ocrx_word' id='word_1_75' title='bbox 248 1436 456 1476; x_wconf 65' lang='lat' dir='ltr'>Possunt?</span> <span class='ocrx_word' id='word_1_76' title='bbox 498 1437 558 1475; x_wconf 83' lang='lat' dir='ltr'>Ac</span> <span class='ocrx_word' id='word_1_77' title='bbox 592 1438 671 1474; x_wconf 89' lang='lat' dir='ltr'>nisi</span> <span class='ocrx_word' id='word_1_78' title='bbox 715 1441 761 1474; x_wconf 81' lang='lat' dir='ltr'>tu</span> <span class='ocrx_word' id='word_1_79' title='bbox 802 1436 1023 1486; x_wconf 74' lang='lat' dir='ltr'>lagoenam</span> <span class='ocrx_word' id='word_1_80' title='bbox 1062 1437 1258 1486; x_wconf 79' lang='lat' dir='ltr'>imponas</span> <span class='ocrx_word' id='word_1_81' title='bbox 1298 1437 1454 1474; x_wconf 79' lang='lat' dir='ltr'>umeris</span> 
     </span>
     <span class='ocr_line' id='line_1_21' title="bbox 996 1503 1203 1552; baseline -0.005 -13"><span class='ocrx_word' id='word_1_82' title='bbox 996 1503 1203 1552; x_wconf 81' lang='lat' dir='ltr'>armigeri,</span> 
     </span>
     <span class='ocr_line' id='line_1_22' title="bbox 246 1566 1455 1617; baseline -0.002 -12"><span class='ocrx_word' id='word_1_83' title='bbox 246 1567 567 1617; x_wconf 74' lang='lat' dir='ltr'>Quamcumque</span> <span class='ocrx_word' id='word_1_84' title='bbox 586 1569 630 1605; x_wconf 90' lang='lat' dir='ltr'>in</span> <span class='ocrx_word' id='word_1_85' title='bbox 646 1572 811 1617; x_wconf 74' lang='lat' dir='ltr'>partem</span> <span class='ocrx_word' id='word_1_86' title='bbox 832 1567 923 1605; x_wconf 88' lang='lat' dir='ltr'>illos</span> <span class='ocrx_word' id='word_1_87' title='bbox 938 1567 1176 1607; x_wconf 79' lang='lat' dir='ltr'>deduxeris,</span> <span class='ocrx_word' id='word_1_88' title='bbox 1199 1566 1455 1604; x_wconf 77' lang='lat' dir='ltr'>occumbent</span> 
     </span>
     <span class='ocr_line' id='line_1_23' title="bbox 1022 1633 1106 1670; baseline 0 0"><span class='ocrx_word' id='word_1_89' title='bbox 1022 1633 1106 1670; x_wconf 86' lang='lat' dir='ltr'>siti.</span> 
     </span>
     <span class='ocr_line' id='line_1_24' title="bbox 626 1732 961 1769; baseline 0 0"><span class='ocrx_word' id='word_1_90' title='bbox 626 1732 961 1769; x_wconf 82' lang='lat' dir='ltr'>Hermannus.</span> 
     </span>
     <span class='ocr_line' id='line_1_25' title="bbox 244 1796 813 1848; baseline -0.005 -12"><span class='ocrx_word' id='word_1_91' title='bbox 244 1797 342 1836; x_wconf 88' lang='lat' dir='ltr'>Non</span> <span class='ocrx_word' id='word_1_92' title='bbox 371 1797 542 1848; x_wconf 81' lang='lat' dir='ltr'>placent</span> <span class='ocrx_word' id='word_1_93' title='bbox 572 1798 613 1835; x_wconf 88' lang='lat' dir='ltr'>hi</span> <span class='ocrx_word' id='word_1_94' title='bbox 645 1796 813 1835; x_wconf 78' lang='lat' dir='ltr'>milites.</span> 
     </span>
    </p>
   </div>
   <div class='ocr_carea' id='block_1_9' title="bbox 248 1897 1453 2077">
    <p class='ocr_par' dir='ltr' id='par_1_9' title="bbox 248 1897 1453 2077">
     <span class='ocr_line' id='line_1_26' title="bbox 634 1897 925 1934; baseline 0 0"><span class='ocrx_word' id='word_1_95' title='bbox 634 1897 925 1934; x_wconf 81' lang='lat' dir='ltr'>Mercurius.</span> 
     </span>
     <span class='ocr_line' id='line_1_27' title="bbox 698 1960 1453 2013; baseline -0.001 -14"><span class='ocrx_word' id='word_1_96' title='bbox 698 1962 889 2000; x_wconf 85' lang='lat' dir='ltr'>Primum</span> <span class='ocrx_word' id='word_1_97' title='bbox 911 1963 1042 2013; x_wconf 80' lang='lat' dir='ltr'>igitur</span> <span class='ocrx_word' id='word_1_98' title='bbox 1064 1966 1230 2000; x_wconf 79' lang='lat' dir='ltr'>vestrae</span> <span class='ocrx_word' id='word_1_99' title='bbox 1256 1960 1453 2011; x_wconf 75' lang='lat' dir='ltr'>crapulae</span> 
     </span>
     <span class='ocr_line' id='line_1_28' title="bbox 248 2027 1453 2077; baseline -0.002 -11"><span class='ocrx_word' id='word_1_100' title='bbox 248 2027 436 2074; x_wconf 81' lang='lat' dir='ltr'>Quaeras</span> <span class='ocrx_word' id='word_1_101' title='bbox 458 2027 705 2073; x_wconf 85' lang='lat' dir='ltr'>remedium,</span> <span class='ocrx_word' id='word_1_102' title='bbox 723 2030 821 2077; x_wconf 88' lang='lat' dir='ltr'>post</span> <span class='ocrx_word' id='word_1_103' title='bbox 837 2027 941 2065; x_wconf 87' lang='lat' dir='ltr'>alias</span> <span class='ocrx_word' id='word_1_104' title='bbox 957 2040 1115 2066; x_wconf 83' lang='lat' dir='ltr'>meroes</span> <span class='ocrx_word' id='word_1_105' title='bbox 1131 2027 1237 2077; x_wconf 83' lang='lat' dir='ltr'>pelle</span> <span class='ocrx_word' id='word_1_106' title='bbox 1260 2040 1281 2064; x_wconf 89' lang='lat' dir='ltr'>e</span> <span class='ocrx_word' id='word_1_107' title='bbox 1298 2027 1453 2076; x_wconf 84' lang='lat' dir='ltr'>patria.</span> 
     </span>
    </p>
   </div>
   <div class='ocr_carea' id='block_1_10' title="bbox 244 2126 1455 2438">
    <p class='ocr_par' dir='ltr' id='par_1_10' title="bbox 244 2126 1455 2438">
     <span class='ocr_line' id='line_1_29' title="bbox 628 2126 965 2165; baseline 0.003 -1"><span class='ocrx_word' id='word_1_108' title='bbox 628 2126 669 2164; x_wconf 87' lang='lat' dir='ltr'>H</span> <span class='ocrx_word' id='word_1_109' title='bbox 679 2140 700 2164; x_wconf 89' lang='grc'><strong>9</strong></span> <span class='ocrx_word' id='word_1_110' title='bbox 709 2140 728 2164; x_wconf 87' lang='lat' dir='ltr'>r</span> <span class='ocrx_word' id='word_1_111' title='bbox 740 2140 781 2165; x_wconf 91' lang='lat' dir='ltr'>m</span> <span class='ocrx_word' id='word_1_112' title='bbox 791 2140 816 2164; x_wconf 88' lang='lat' dir='ltr'>a</span> <span class='ocrx_word' id='word_1_113' title='bbox 824 2140 852 2165; x_wconf 92' lang='lat' dir='ltr'>n</span> <span class='ocrx_word' id='word_1_114' title='bbox 860 2141 888 2164; x_wconf 92' lang='lat' dir='ltr'>n</span> <span class='ocrx_word' id='word_1_115' title='bbox 897 2141 924 2165; x_wconf 93' lang='lat' dir='ltr'>u</span> <span class='ocrx_word' id='word_1_116' title='bbox 934 2141 965 2165; x_wconf 87' lang='lat' dir='ltr'>s.</span> 
     </span>
     <span class='ocr_line' id='line_1_30' title="bbox 247 2192 1453 2243; baseline -0.002 -12"><span class='ocrx_word' id='word_1_117' title='bbox 247 2192 354 2231; x_wconf 84' lang='lat' dir='ltr'>Sane</span> <span class='ocrx_word' id='word_1_118' title='bbox 376 2193 485 2230; x_wconf 78' lang='lat' dir='ltr'>istuc</span> <span class='ocrx_word' id='word_1_119' title='bbox 507 2192 643 2230; x_wconf 83' lang='lat' dir='ltr'>facere</span> <span class='ocrx_word' id='word_1_120' title='bbox 666 2192 848 2230; x_wconf 81' lang='lat' dir='ltr'>meditor</span> <span class='ocrx_word' id='word_1_121' title='bbox 869 2193 1068 2243; x_wconf 77' lang='lat' dir='ltr'>viamque</span> <span class='ocrx_word' id='word_1_122' title='bbox 1092 2205 1248 2242; x_wconf 84' lang='lat' dir='ltr'>quaero</span> <span class='ocrx_word' id='word_1_123' title='bbox 1270 2204 1453 2229; x_wconf 82' lang='lat' dir='ltr'>commo-</span> 
     </span>
     <span class='ocr_line' id='line_1_31' title="bbox 996 2258 1109 2295; baseline 0 0"><span class='ocrx_word' id='word_1_124' title='bbox 996 2258 1109 2295; x_wconf 88' lang='lat' dir='ltr'>dam.</span> 
     </span>
     <span class='ocr_line' id='line_1_32' title="bbox 244 2321 1455 2373; baseline -0.002 -12"><span class='ocrx_word' id='word_1_125' title='bbox 244 2321 357 2361; x_wconf 87' lang='lat' dir='ltr'>Nam</span> <span class='ocrx_word' id='word_1_126' title='bbox 389 2325 576 2360; x_wconf 79' lang='lat' dir='ltr'>veterem</span> <span class='ocrx_word' id='word_1_127' title='bbox 606 2335 801 2372; x_wconf 76' lang='lat' dir='ltr'>reparare</span> <span class='ocrx_word' id='word_1_128' title='bbox 832 2323 1099 2373; x_wconf 84' lang='lat' dir='ltr'>disciplinam</span> <span class='ocrx_word' id='word_1_129' title='bbox 1130 2322 1293 2360; x_wconf 89' lang='lat' dir='ltr'>dudum</span> <span class='ocrx_word' id='word_1_130' title='bbox 1314 2322 1455 2371; x_wconf 80' lang='lat' dir='ltr'>cogito</span> 
     </span>
     <span class='ocr_line' id='line_1_33' title="bbox 247 2387 1316 2438; baseline -0.001 -13"><span class='ocrx_word' id='word_1_131' title='bbox 247 2387 305 2425; x_wconf 88' lang='lat' dir='ltr'>Et</span> <span class='ocrx_word' id='word_1_132' title='bbox 328 2387 478 2426; x_wconf 84' lang='lat' dir='ltr'>luxum</span> <span class='ocrx_word' id='word_1_133' title='bbox 504 2400 652 2426; x_wconf 81' lang='lat' dir='ltr'>cavere</span> <span class='ocrx_word' id='word_1_134' title='bbox 677 2391 722 2425; x_wconf 80' lang='lat' dir='ltr'>et</span> <span class='ocrx_word' id='word_1_135' title='bbox 746 2388 856 2438; x_wconf 79' lang='lat' dir='ltr'>leges</span> <span class='ocrx_word' id='word_1_136' title='bbox 882 2388 987 2425; x_wconf 80' lang='lat' dir='ltr'>ferre</span> <span class='ocrx_word' id='word_1_137' title='bbox 1015 2388 1316 2438; x_wconf 64' lang='lat' dir='ltr'>sumptuarias</span> 
     </span>
    </p>
   </div>
  </div>
 </body>
</html>
