<?xml version="1.0" encoding="UTF-8"?>
<!DOCTYPE html PUBLIC "-//W3C//DTD XHTML 1.0 Transitional//EN"
    "http://www.w3.org/TR/xhtml1/DTD/xhtml1-transitional.dtd">
<html xmlns="http://www.w3.org/1999/xhtml" xml:lang="en" lang="en">
 <head>
  <title>
</title>
<meta http-equiv="Content-Type" content="text/html;charset=utf-8" />
  <meta name='ocr-system' content='tesseract 3.04.00' />
  <meta name='ocr-capabilities' content='ocr_page ocr_carea ocr_par ocr_line ocrx_word'/>
</head>
<body>
  <div class='ocr_page' id='page_1' title='image "./jvlivsredivivvs00frisuoft_0242.png"; bbox 0 0 1722 2663; ppageno 0'>
   <div class='ocr_carea' id='block_1_1' title="bbox 272 125 336 158">
    <p class='ocr_par' dir='ltr' id='par_1_1' title="bbox 272 125 336 158">
     <span class='ocr_line' id='line_1_1' title="bbox 272 125 336 158; baseline 0 0"><span class='ocrx_word' id='word_1_1' title='bbox 272 125 336 158; x_wconf 77' lang='lat'>144</span> 
     </span>
    </p>
   </div>
   <div class='ocr_carea' id='block_1_2' title="bbox 273 1030 340 1054">
    <p class='ocr_par' dir='ltr' id='par_1_2' title="bbox 273 1030 340 1054">
     <span class='ocr_line' id='line_1_2' title="bbox 273 1030 340 1054; baseline 0 -1"><span class='ocrx_word' id='word_1_2' title='bbox 273 1030 340 1054; x_wconf 68' lang='lat'>1775</span> 
     </span>
    </p>
   </div>
   <div class='ocr_carea' id='block_1_3' title="bbox 274 1551 345 1576">
    <p class='ocr_par' dir='ltr' id='par_1_3' title="bbox 274 1551 345 1576">
     <span class='ocr_line' id='line_1_3' title="bbox 274 1551 345 1576; baseline 0 -1"><span class='ocrx_word' id='word_1_3' title='bbox 274 1551 345 1576; x_wconf 72' lang='lat'>1780</span> 
     </span>
    </p>
   </div>
   <div class='ocr_carea' id='block_1_4' title="bbox 276 2007 345 2031">
    <p class='ocr_par' dir='ltr' id='par_1_4' title="bbox 276 2007 345 2031">
     <span class='ocr_line' id='line_1_4' title="bbox 276 2007 345 2031; baseline 0 0"><span class='ocrx_word' id='word_1_4' title='bbox 276 2007 345 2031; x_wconf 73' lang='lat'>1785</span> 
     </span>
    </p>
   </div>
   <div class='ocr_carea' id='block_1_5' title="bbox 528 121 1339 154">
    <p class='ocr_par' dir='ltr' id='par_1_5' title="bbox 528 121 1339 154">
     <span class='ocr_line' id='line_1_5' title="bbox 528 121 1339 154; baseline -0.002 -4"><span class='ocrx_word' id='word_1_5' title='bbox 528 121 790 154; x_wconf 81' lang='lat' dir='ltr'>FRISCHLINVS,</span> <span class='ocrx_word' id='word_1_6' title='bbox 808 121 937 150; x_wconf 84' lang='lat' dir='ltr'>JVLIVS</span> <span class='ocrx_word' id='word_1_7' title='bbox 958 122 1170 152; x_wconf 78' lang='lat' dir='ltr'>REDIVIVVS.</span> <span class='ocrx_word' id='word_1_8' title='bbox 1201 122 1246 153; x_wconf 85' lang='lat' dir='ltr'>lv,</span> <span class='ocrx_word' id='word_1_9' title='bbox 1265 122 1296 154; x_wconf 88' lang='lat'>2;</span> <span class='ocrx_word' id='word_1_10' title='bbox 1314 123 1339 149; x_wconf 88' lang='lat'>3.</span> 
     </span>
    </p>
   </div>
   <div class='ocr_carea' id='block_1_6' title="bbox 382 232 1590 411">
    <p class='ocr_par' dir='ltr' id='par_1_6' title="bbox 382 232 1590 411">
     <span class='ocr_line' id='line_1_6' title="bbox 786 232 1078 270; baseline -0.003 0"><span class='ocrx_word' id='word_1_11' title='bbox 786 232 1078 270; x_wconf 85' lang='lat' dir='ltr'>Mercurius.</span> 
     </span>
     <span class='ocr_line' id='line_1_7' title="bbox 382 297 1590 347; baseline 0.001 -12"><span class='ocrx_word' id='word_1_12' title='bbox 382 297 561 336; x_wconf 87' lang='lat' dir='ltr'>Interim</span> <span class='ocrx_word' id='word_1_13' title='bbox 592 298 702 335; x_wconf 85' lang='lat' dir='ltr'>hunc</span> <span class='ocrx_word' id='word_1_14' title='bbox 733 298 902 335; x_wconf 84' lang='lat' dir='ltr'>dimitte</span> <span class='ocrx_word' id='word_1_15' title='bbox 931 301 975 335; x_wconf 86' lang='lat' dir='ltr'>et</span> <span class='ocrx_word' id='word_1_16' title='bbox 1004 310 1054 334; x_wconf 82' lang='lat' dir='ltr'>ne</span> <span class='ocrx_word' id='word_1_17' title='bbox 1087 310 1215 347; x_wconf 88' lang='lat' dir='ltr'>quam</span> <span class='ocrx_word' id='word_1_18' title='bbox 1244 297 1405 335; x_wconf 88' lang='lat' dir='ltr'>homini</span> <span class='ocrx_word' id='word_1_19' title='bbox 1433 298 1590 336; x_wconf 81' lang='lat' dir='ltr'>inferas</span> 
     </span>
     <span class='ocr_line' id='line_1_8' title="bbox 1132 363 1357 411; baseline 0.009 -12"><span class='ocrx_word' id='word_1_20' title='bbox 1132 363 1357 411; x_wconf 81' lang='lat' dir='ltr'>injuriam!</span> 
     </span>
    </p>
   </div>
   <div class='ocr_carea' id='block_1_7' title="bbox 380 444 1590 760">
    <p class='ocr_par' dir='ltr' id='par_1_7' title="bbox 380 444 1590 760">
     <span class='ocr_line' id='line_1_9' title="bbox 764 444 1099 482; baseline 0 -1"><span class='ocrx_word' id='word_1_21' title='bbox 764 444 863 482; x_wconf 90' lang='lat' dir='ltr'>Her</span> <span class='ocrx_word' id='word_1_22' title='bbox 875 457 1099 482; x_wconf 85' lang='lat' dir='ltr'>mannus.</span> 
     </span>
     <span class='ocr_line' id='line_1_10' title="bbox 380 510 688 560; baseline 0 -13"><span class='ocrx_word' id='word_1_23' title='bbox 380 510 481 560; x_wconf 77' lang='lat' dir='ltr'>Age,</span> <span class='ocrx_word' id='word_1_24' title='bbox 501 510 540 547; x_wconf 90' lang='lat' dir='ltr'>di</span> <span class='ocrx_word' id='word_1_25' title='bbox 548 511 688 547; x_wconf 87' lang='lat' dir='ltr'>mitto.</span> 
     </span>
     <span class='ocr_line' id='line_1_11' title="bbox 785 593 1078 629; baseline 0 0"><span class='ocrx_word' id='word_1_26' title='bbox 785 593 1078 629; x_wconf 85' lang='lat' dir='ltr'>Mercurius.</span> 
     </span>
     <span class='ocr_line' id='line_1_12' title="bbox 697 657 1590 707; baseline 0.002 -13"><span class='ocrx_word' id='word_1_27' title='bbox 697 657 753 694; x_wconf 82' lang='lat' dir='ltr'>At</span> <span class='ocrx_word' id='word_1_28' title='bbox 780 670 855 707; x_wconf 83' lang='lat' dir='ltr'>ego</span> <span class='ocrx_word' id='word_1_29' title='bbox 884 671 926 694; x_wconf 86' lang='lat' dir='ltr'>re</span> <span class='ocrx_word' id='word_1_30' title='bbox 932 661 1074 694; x_wconf 75' lang='lat' dir='ltr'>vertor</span> <span class='ocrx_word' id='word_1_31' title='bbox 1101 657 1196 694; x_wconf 88' lang='lat' dir='ltr'>hinc</span> <span class='ocrx_word' id='word_1_32' title='bbox 1225 658 1338 694; x_wconf 88' lang='lat' dir='ltr'>intro</span> <span class='ocrx_word' id='word_1_33' title='bbox 1366 657 1421 695; x_wconf 83' lang='lat' dir='ltr'>ad</span> <span class='ocrx_word' id='word_1_34' title='bbox 1447 658 1590 696; x_wconf 82' lang='lat' dir='ltr'>convi-</span> 
     </span>
     <span class='ocr_line' id='line_1_13' title="bbox 1133 723 1264 760; baseline 0.008 -1"><span class='ocrx_word' id='word_1_35' title='bbox 1133 723 1264 760; x_wconf 84' lang='lat' dir='ltr'>vium.</span> 
     </span>
    </p>
   </div>
   <div class='ocr_carea' id='block_1_8' title="bbox 603 852 1262 899">
    <p class='ocr_par' dir='ltr' id='par_1_8' title="bbox 603 852 1262 899">
     <span class='ocr_line' id='line_1_14' title="bbox 603 852 1262 899; baseline -0.002 -8"><span class='ocrx_word' id='word_1_36' title='bbox 603 853 778 892; x_wconf 80' lang='lat' dir='ltr'><strong>ACTVS</strong></span> <span class='ocrx_word' id='word_1_37' title='bbox 810 853 882 899; x_wconf 75' lang='lat' dir='ltr'>IV,</span> <span class='ocrx_word' id='word_1_38' title='bbox 929 852 1149 891; x_wconf 73' lang='lat' dir='ltr'>SCAENA</span> <span class='ocrx_word' id='word_1_39' title='bbox 1180 852 1262 890; x_wconf 91' lang='lat' dir='ltr'><strong>III.</strong></span> 
     </span>
    </p>
   </div>
   <div class='ocr_carea' id='block_1_9' title="bbox 380 952 1593 2423">
    <p class='ocr_par' dir='ltr' id='par_1_9' title="bbox 789 952 1126 991">
     <span class='ocr_line' id='line_1_15' title="bbox 789 952 1126 991; baseline 0 -1"><span class='ocrx_word' id='word_1_40' title='bbox 789 952 1126 991; x_wconf 71' lang='lat' dir='ltr'>Hermannus.</span> 
     </span>
    </p>

    <p class='ocr_par' dir='ltr' id='par_1_10' title="bbox 381 1017 1590 1068">
     <span class='ocr_line' id='line_1_16' title="bbox 381 1017 1590 1068; baseline 0.001 -13"><span class='ocrx_word' id='word_1_41' title='bbox 381 1018 446 1055; x_wconf 83' lang='lat' dir='ltr'>Sic</span> <span class='ocrx_word' id='word_1_42' title='bbox 472 1019 553 1055; x_wconf 86' lang='lat' dir='ltr'>erit</span> <span class='ocrx_word' id='word_1_43' title='bbox 579 1024 674 1067; x_wconf 85' lang='lat' dir='ltr'>post</span> <span class='ocrx_word' id='word_1_44' title='bbox 700 1018 909 1056; x_wconf 81' lang='lat' dir='ltr'>omnibus.</span> <span class='ocrx_word' id='word_1_45' title='bbox 938 1019 1009 1067; x_wconf 86' lang='lat' dir='ltr'>qui</span> <span class='ocrx_word' id='word_1_46' title='bbox 1036 1019 1276 1068; x_wconf 78' lang='lat' dir='ltr'>peregrinas</span> <span class='ocrx_word' id='word_1_47' title='bbox 1303 1017 1382 1055; x_wconf 86' lang='lat' dir='ltr'>huc</span> <span class='ocrx_word' id='word_1_48' title='bbox 1409 1017 1590 1056; x_wconf 85' lang='lat' dir='ltr'>afferent</span> 
     </span>
    </p>

    <p class='ocr_par' dir='ltr' id='par_1_11' title="bbox 380 1083 1592 1185">
     <span class='ocr_line' id='line_1_17' title="bbox 380 1083 1592 1133; baseline 0 -13"><span class='ocrx_word' id='word_1_49' title='bbox 380 1083 562 1121; x_wconf 74' lang='lat' dir='ltr'>Delicias</span> <span class='ocrx_word' id='word_1_50' title='bbox 587 1083 707 1133; x_wconf 76' lang='lat' dir='ltr'>gulae</span> <span class='ocrx_word' id='word_1_51' title='bbox 732 1088 775 1120; x_wconf 83' lang='lat' dir='ltr'>et</span> <span class='ocrx_word' id='word_1_52' title='bbox 801 1083 925 1120; x_wconf 77' lang='lat' dir='ltr'>luxus</span> <span class='ocrx_word' id='word_1_53' title='bbox 950 1084 1178 1120; x_wconf 64' lang='lat' dir='ltr'>ministras</span> <span class='ocrx_word' id='word_1_54' title='bbox 1204 1083 1317 1120; x_wconf 82' lang='lat' dir='ltr'>Nam</span> <span class='ocrx_word' id='word_1_55' title='bbox 1337 1084 1371 1120; x_wconf 82' lang='lat' dir='ltr'>si</span> <span class='ocrx_word' id='word_1_56' title='bbox 1398 1096 1522 1132; x_wconf 87' lang='lat' dir='ltr'>quem</span> <span class='ocrx_word' id='word_1_57' title='bbox 1547 1084 1592 1120; x_wconf 88' lang='lat' dir='ltr'>in</span> 
     </span>
     <span class='ocr_line' id='line_1_18' title="bbox 1135 1148 1224 1185; baseline 0 0"><span class='ocrx_word' id='word_1_58' title='bbox 1135 1148 1224 1185; x_wconf 83' lang='lat' dir='ltr'>foro</span> 
     </span>
    </p>

    <p class='ocr_par' dir='ltr' id='par_1_12' title="bbox 382 1213 1588 1262">
     <span class='ocr_line' id='line_1_19' title="bbox 382 1213 1588 1262; baseline -0.001 -11"><span class='ocrx_word' id='word_1_59' title='bbox 382 1214 660 1251; x_wconf 86' lang='lat' dir='ltr'>Mercatorem</span> <span class='ocrx_word' id='word_1_60' title='bbox 691 1227 787 1251; x_wconf 85' lang='lat' dir='ltr'>cum</span> <span class='ocrx_word' id='word_1_61' title='bbox 824 1215 916 1251; x_wconf 80' lang='lat' dir='ltr'>istis</span> <span class='ocrx_word' id='word_1_62' title='bbox 948 1214 1229 1251; x_wconf 75' lang='lat' dir='ltr'>mercimoniis</span> <span class='ocrx_word' id='word_1_63' title='bbox 1260 1213 1588 1262; x_wconf 71' lang='lat' dir='ltr'>deprehendero,</span> 
     </span>
    </p>

    <p class='ocr_par' dir='ltr' id='par_1_13' title="bbox 382 1278 1589 1327">
     <span class='ocr_line' id='line_1_20' title="bbox 382 1278 1589 1327; baseline -0.001 -11"><span class='ocrx_word' id='word_1_64' title='bbox 382 1279 568 1316; x_wconf 76' lang='lat' dir='ltr'>Auribus</span> <span class='ocrx_word' id='word_1_65' title='bbox 610 1279 720 1316; x_wconf 83' lang='lat' dir='ltr'>&#39;nunc</span> <span class='ocrx_word' id='word_1_66' title='bbox 763 1279 943 1316; x_wconf 76' lang='lat' dir='ltr'>desectis</span> <span class='ocrx_word' id='word_1_67' title='bbox 992 1284 1066 1316; x_wconf 85' lang='lat' dir='ltr'>aut</span> <span class='ocrx_word' id='word_1_68' title='bbox 1108 1278 1238 1327; x_wconf 85' lang='lat' dir='ltr'>oculis</span> <span class='ocrx_word' id='word_1_69' title='bbox 1278 1278 1444 1315; x_wconf 78' lang='lat' dir='ltr'>effossis</span> <span class='ocrx_word' id='word_1_70' title='bbox 1492 1278 1589 1315; x_wconf 86' lang='lat' dir='ltr'>hinc</span> 
     </span>
    </p>

    <p class='ocr_par' dir='ltr' id='par_1_14' title="bbox 1186 1343 1362 1381">
     <span class='ocr_line' id='line_1_21' title="bbox 1186 1343 1362 1381; baseline 0 -1"><span class='ocrx_word' id='word_1_71' title='bbox 1186 1343 1362 1381; x_wconf 86' lang='lat' dir='ltr'>domum</span> 
     </span>
    </p>

    <p class='ocr_par' dir='ltr' id='par_1_15' title="bbox 382 1409 1593 1511">
     <span class='ocr_line' id='line_1_22' title="bbox 382 1409 1593 1458; baseline -0.001 -11"><span class='ocrx_word' id='word_1_72' title='bbox 382 1410 447 1447; x_wconf 77' lang='lat' dir='ltr'>Ad</span> <span class='ocrx_word' id='word_1_73' title='bbox 482 1423 578 1447; x_wconf 86' lang='lat' dir='ltr'>suos</span> <span class='ocrx_word' id='word_1_74' title='bbox 614 1410 844 1449; x_wconf 76' lang='lat' dir='ltr'>remittam,</span> <span class='ocrx_word' id='word_1_75' title='bbox 881 1413 929 1446; x_wconf 91' lang='lat' dir='ltr'>ut</span> <span class='ocrx_word' id='word_1_76' title='bbox 963 1409 1134 1458; x_wconf 82' lang='lat' dir='ltr'>reliquis</span> <span class='ocrx_word' id='word_1_77' title='bbox 1168 1409 1425 1446; x_wconf 86' lang='lat' dir='ltr'>documento</span> <span class='ocrx_word' id='word_1_78' title='bbox 1459 1410 1516 1446; x_wconf 87' lang='lat' dir='ltr'>sit</span> <span class='ocrx_word' id='word_1_79' title='bbox 1549 1411 1593 1446; x_wconf 85' lang='lat' dir='ltr'>et</span> 
     </span>
     <span class='ocr_line' id='line_1_23' title="bbox 1133 1486 1268 1511; baseline -0.007 0"><span class='ocrx_word' id='word_1_80' title='bbox 1133 1486 1268 1511; x_wconf 70' lang='lat' dir='ltr'>novae</span> 
     </span>
    </p>

    <p class='ocr_par' dir='ltr' id='par_1_16' title="bbox 383 1539 1569 1589">
     <span class='ocr_line' id='line_1_24' title="bbox 383 1539 1569 1589; baseline -0.001 -12"><span class='ocrx_word' id='word_1_81' title='bbox 383 1540 547 1578; x_wconf 83' lang='lat' dir='ltr'>Poenae</span> <span class='ocrx_word' id='word_1_82' title='bbox 577 1540 868 1589; x_wconf 75' lang='lat' dir='ltr'>magnitudine</span> <span class='ocrx_word' id='word_1_83' title='bbox 897 1539 1000 1577; x_wconf 84' lang='lat' dir='ltr'>alios</span> <span class='ocrx_word' id='word_1_84' title='bbox 1027 1543 1124 1589; x_wconf 88' lang='lat' dir='ltr'>post</span> <span class='ocrx_word' id='word_1_85' title='bbox 1150 1552 1294 1577; x_wconf 87' lang='lat' dir='ltr'>omnes</span> <span class='ocrx_word' id='word_1_86' title='bbox 1322 1543 1569 1588; x_wconf 82' lang='lat' dir='ltr'>perterreat.</span> 
     </span>
    </p>

    <p class='ocr_par' dir='ltr' id='par_1_17' title="bbox 381 1603 1592 1719">
     <span class='ocr_line' id='line_1_25' title="bbox 381 1603 1592 1654; baseline -0.001 -12"><span class='ocrx_word' id='word_1_87' title='bbox 381 1605 455 1643; x_wconf 84' lang='lat' dir='ltr'>Sin</span> <span class='ocrx_word' id='word_1_88' title='bbox 499 1605 579 1642; x_wconf 85' lang='lat' dir='ltr'>huc</span> <span class='ocrx_word' id='word_1_89' title='bbox 626 1605 784 1650; x_wconf 73' lang='lat' dir='ltr'>redeat,</span> <span class='ocrx_word' id='word_1_90' title='bbox 832 1605 917 1653; x_wconf 68' lang='lat' dir='ltr'>igni</span> <span class='ocrx_word' id='word_1_91' title='bbox 963 1608 1091 1654; x_wconf 83' lang='lat' dir='ltr'>atque</span> <span class='ocrx_word' id='word_1_92' title='bbox 1123 1603 1322 1642; x_wconf 86' lang='lat' dir='ltr'>omnibus</span> <span class='ocrx_word' id='word_1_93' title='bbox 1368 1604 1592 1641; x_wconf 82' lang='lat' dir='ltr'>tormentis</span> 
     </span>
     <span class='ocr_line' id='line_1_26' title="bbox 1130 1669 1383 1719; baseline 0 -12"><span class='ocrx_word' id='word_1_94' title='bbox 1130 1669 1383 1719; x_wconf 80' lang='lat' dir='ltr'>opprimam.</span> 
     </span>
    </p>

    <p class='ocr_par' dir='ltr' id='par_1_18' title="bbox 380 1734 1592 1837">
     <span class='ocr_line' id='line_1_27' title="bbox 380 1734 1592 1785; baseline -0.002 -12"><span class='ocrx_word' id='word_1_95' title='bbox 380 1735 466 1773; x_wconf 72' lang='lat' dir='ltr'>Nec</span> <span class='ocrx_word' id='word_1_96' title='bbox 492 1736 652 1773; x_wconf 85' lang='lat' dir='ltr'>minore</span> <span class='ocrx_word' id='word_1_97' title='bbox 677 1735 882 1785; x_wconf 87' lang='lat' dir='ltr'>supplicio</span> <span class='ocrx_word' id='word_1_98' title='bbox 902 1734 1102 1779; x_wconf 75' lang='lat' dir='ltr'>afficiam,</span> <span class='ocrx_word' id='word_1_99' title='bbox 1130 1736 1385 1784; x_wconf 77' lang='lat' dir='ltr'>quicumque</span> <span class='ocrx_word' id='word_1_100' title='bbox 1411 1746 1592 1771; x_wconf 83' lang='lat' dir='ltr'>meroem</span> 
     </span>
     <span class='ocr_line' id='line_1_28' title="bbox 1135 1799 1284 1837; baseline -0.007 0"><span class='ocrx_word' id='word_1_101' title='bbox 1135 1799 1189 1837; x_wconf 89' lang='lat' dir='ltr'>ab</span> <span class='ocrx_word' id='word_1_102' title='bbox 1220 1800 1284 1837; x_wconf 90' lang='lat' dir='ltr'>his</span> 
     </span>
    </p>

    <p class='ocr_par' dir='ltr' id='par_1_19' title="bbox 383 1863 1592 1905">
     <span class='ocr_line' id='line_1_29' title="bbox 383 1863 1592 1905; baseline -0.001 -2"><span class='ocrx_word' id='word_1_103' title='bbox 383 1866 560 1903; x_wconf 86' lang='lat' dir='ltr'>Emerit.</span> <span class='ocrx_word' id='word_1_104' title='bbox 590 1865 633 1905; x_wconf 81' lang='lat' dir='ltr'>Si</span> <span class='ocrx_word' id='word_1_105' title='bbox 661 1867 773 1903; x_wconf 85' lang='lat' dir='ltr'>enim</span> <span class='ocrx_word' id='word_1_106' title='bbox 794 1865 1117 1903; x_wconf 86' lang='lat' dir='ltr'>Lacedaemonii</span> <span class='ocrx_word' id='word_1_107' title='bbox 1146 1865 1385 1903; x_wconf 87' lang='lat' dir='ltr'>multarunt</span> <span class='ocrx_word' id='word_1_108' title='bbox 1413 1863 1592 1902; x_wconf 85' lang='lat' dir='ltr'>militem</span> 
     </span>
    </p>

    <p class='ocr_par' dir='ltr' id='par_1_20' title="bbox 383 1928 1593 1980">
     <span class='ocr_line' id='line_1_30' title="bbox 383 1928 1593 1980; baseline -0.002 -12"><span class='ocrx_word' id='word_1_109' title='bbox 383 1931 531 1976; x_wconf 73' lang='lat' dir='ltr'>Morte,</span> <span class='ocrx_word' id='word_1_110' title='bbox 545 1930 659 1980; x_wconf 87' lang='lat' dir='ltr'>quod</span> <span class='ocrx_word' id='word_1_111' title='bbox 673 1943 814 1980; x_wconf 84' lang='lat' dir='ltr'>panno</span> <span class='ocrx_word' id='word_1_112' title='bbox 835 1931 1055 1980; x_wconf 81' lang='lat' dir='ltr'>peregrino</span> <span class='ocrx_word' id='word_1_113' title='bbox 1065 1935 1234 1968; x_wconf 86' lang='lat' dir='ltr'>scutum</span> <span class='ocrx_word' id='word_1_114' title='bbox 1248 1928 1593 1967; x_wconf 78' lang='lat' dir='ltr'>exornaverat——</span> 
     </span>
    </p>

    <p class='ocr_par' dir='ltr' id='par_1_21' title="bbox 387 1995 1591 2109">
     <span class='ocr_line' id='line_1_31' title="bbox 387 1995 1591 2045; baseline -0.002 -12"><span class='ocrx_word' id='word_1_115' title='bbox 387 1996 524 2042; x_wconf 83' lang='lat' dir='ltr'>Quam</span> <span class='ocrx_word' id='word_1_116' title='bbox 556 2009 737 2045; x_wconf 81' lang='lat' dir='ltr'>poenam</span> <span class='ocrx_word' id='word_1_117' title='bbox 770 1999 985 2033; x_wconf 86' lang='lat' dir='ltr'>merentur</span> <span class='ocrx_word' id='word_1_118' title='bbox 1016 1995 1229 2040; x_wconf 76' lang='lat' dir='ltr'>Germani,</span> <span class='ocrx_word' id='word_1_119' title='bbox 1265 1996 1335 2044; x_wconf 91' lang='lat' dir='ltr'>qui</span> <span class='ocrx_word' id='word_1_120' title='bbox 1367 1998 1591 2043; x_wconf 87' lang='lat' dir='ltr'>tamquam</span> 
     </span>
     <span class='ocr_line' id='line_1_32' title="bbox 1135 2060 1329 2109; baseline 0 -12"><span class='ocrx_word' id='word_1_121' title='bbox 1135 2060 1329 2109; x_wconf 81' lang='lat' dir='ltr'>Aesopici</span> 
     </span>
    </p>

    <p class='ocr_par' dir='ltr' id='par_1_22' title="bbox 385 2125 1509 2164">
     <span class='ocr_line' id='line_1_33' title="bbox 385 2125 1509 2164; baseline -0.002 -1"><span class='ocrx_word' id='word_1_122' title='bbox 385 2126 553 2164; x_wconf 83' lang='lat' dir='ltr'>Graculi</span> <span class='ocrx_word' id='word_1_123' title='bbox 584 2126 767 2164; x_wconf 81' lang='lat' dir='ltr'>colorem</span> <span class='ocrx_word' id='word_1_124' title='bbox 797 2127 1023 2164; x_wconf 73' lang='lat' dir='ltr'>imitantur</span> <span class='ocrx_word' id='word_1_125' title='bbox 1051 2126 1275 2163; x_wconf 88' lang='lat' dir='ltr'>nationum</span> <span class='ocrx_word' id='word_1_126' title='bbox 1304 2125 1509 2162; x_wconf 86' lang='lat' dir='ltr'>omnium.</span> 
     </span>
    </p>

    <p class='ocr_par' dir='ltr' id='par_1_23' title="bbox 385 2190 1590 2293">
     <span class='ocr_line' id='line_1_34' title="bbox 385 2190 1590 2240; baseline -0.002 -12"><span class='ocrx_word' id='word_1_127' title='bbox 385 2191 467 2230; x_wconf 79' lang='lat' dir='ltr'>Sed</span> <span class='ocrx_word' id='word_1_128' title='bbox 502 2196 608 2240; x_wconf 89' lang='lat' dir='ltr'>puto</span> <span class='ocrx_word' id='word_1_129' title='bbox 644 2191 694 2228; x_wconf 90' lang='lat' dir='ltr'>de</span> <span class='ocrx_word' id='word_1_130' title='bbox 731 2191 808 2229; x_wconf 83' lang='lat' dir='ltr'>hac</span> <span class='ocrx_word' id='word_1_131' title='bbox 846 2204 888 2228; x_wconf 80' lang='lat' dir='ltr'>re</span> <span class='ocrx_word' id='word_1_132' title='bbox 925 2195 992 2229; x_wconf 88' lang='lat' dir='ltr'>sat</span> <span class='ocrx_word' id='word_1_133' title='bbox 1027 2203 1142 2228; x_wconf 87' lang='lat' dir='ltr'>meos</span> <span class='ocrx_word' id='word_1_134' title='bbox 1177 2190 1466 2240; x_wconf 85' lang='lat' dir='ltr'>praemonitos</span> <span class='ocrx_word' id='word_1_135' title='bbox 1501 2201 1590 2226; x_wconf 83' lang='lat' dir='ltr'>esse</span> 
     </span>
     <span class='ocr_line' id='line_1_35' title="bbox 1136 2255 1304 2293; baseline 0 0"><span class='ocrx_word' id='word_1_136' title='bbox 1136 2255 1304 2293; x_wconf 86' lang='lat' dir='ltr'>milites.</span> 
     </span>
    </p>

    <p class='ocr_par' dir='ltr' id='par_1_24' title="bbox 383 2318 1592 2423">
     <span class='ocr_line' id='line_1_36' title="bbox 383 2318 1592 2370; baseline -0.002 -12"><span class='ocrx_word' id='word_1_137' title='bbox 383 2321 505 2359; x_wconf 79' lang='lat' dir='ltr'>Nunc</span> <span class='ocrx_word' id='word_1_138' title='bbox 540 2321 623 2367; x_wconf 76' lang='lat' dir='ltr'>ibo,</span> <span class='ocrx_word' id='word_1_139' title='bbox 661 2325 709 2358; x_wconf 83' lang='lat' dir='ltr'>ut</span> <span class='ocrx_word' id='word_1_140' title='bbox 742 2321 940 2359; x_wconf 78' lang='lat' dir='ltr'>furcifero</span> <span class='ocrx_word' id='word_1_141' title='bbox 974 2321 1085 2367; x_wconf 84' lang='lat' dir='ltr'>huic,</span> <span class='ocrx_word' id='word_1_142' title='bbox 1123 2321 1196 2370; x_wconf 86' lang='lat' dir='ltr'>qui</span> <span class='ocrx_word' id='word_1_143' title='bbox 1229 2319 1414 2370; x_wconf 85' lang='lat' dir='ltr'>puellam</span> <span class='ocrx_word' id='word_1_144' title='bbox 1449 2318 1592 2368; x_wconf 85' lang='lat' dir='ltr'>rapuit</span> 
     </span>
     <span class='ocr_line' id='line_1_37' title="bbox 1132 2384 1411 2423; baseline 0 -1"><span class='ocrx_word' id='word_1_145' title='bbox 1132 2398 1153 2422; x_wconf 84' lang='lat' dir='ltr'>e</span> <span class='ocrx_word' id='word_1_146' title='bbox 1176 2384 1304 2423; x_wconf 89' lang='lat' dir='ltr'>domo</span> <span class='ocrx_word' id='word_1_147' title='bbox 1333 2384 1411 2422; x_wconf 88' lang='lat' dir='ltr'>hac</span> 
     </span>
    </p>
   </div>
  </div>
 </body>
</html>
