1756 2671
382 114 641 145 FRISCHLINVS,
669 113 798 140 JVL1VS
820 113 1032 143 REDlle'vs.
1070 113 1088 143 1.
1108 113 1132 138 2.
1382 116 1419 149 17

184 225 311 263 Parte
339 237 364 262 a
389 224 539 263 Suebis
564 224 729 261 circiter
757 223 871 261 inilia
898 227 1089 260 sescenta
1116 235 1317 272 passuum

182 290 287 341 Agri
318 294 410 328 tum
429 288 655 327 vacabant.

633 365 968 403 Hermannus.

621 430 801 477 Quando
826 431 933 468 istuc
958 431 1073 467 erat?

703 512 897 551 Caesar.

1080 577 1181 615 Dixi
1211 577 1310 615 tibi:

188 644 367 691 Quando
388 656 464 694 ego
485 645 527 681 in
549 643 613 681 his
633 643 694 680 fui
716 643 829 680 locis.

634 720 968 757 Hermannus.

767 785 823 822 At
844 786 1073 822 immensus
1091 784 1144 822 ab
1162 798 1210 822 eo
1230 790 1419 834 tempore

186 851 406 889 Annorum
430 863 630 889 numerus
653 850 848 892 defluxit,
877 863 960 899 quo
986 854 1109 887 tanta
1133 850 1215 887 fuit
1241 851 1420 888 vastitas

100 927 158 952 295
186 916 392 967 Agrorum
428 917 471 953 in
508 915 746 959 Germania,
786 928 920 965 neque
960 916 1184 964 quisquam
1222 929 1331 952 nunc

973 980 1216 1018 mortalium

187 1047 303 1085 Vivit
332 1046 468 1092 hodie,
499 1046 620 1095 cujus
650 1059 767 1084 mens
797 1046 984 1096 spatium
1013 1045 1089 1083 hoc
1120 1047 1338 1095 praeteriti

971 1112 1174 1160 temporis

187 1177 326 1215 Possit
350 1178 566 1227 respicere.

703 1242 897 1280 Caesar.

593 1307 730 1345 [mmo
766 1320 842 1357 ego
881 1308 1055 1357 respicio
1091 1312 1132 1344 et
1175 1308 1419 1345 memoriam

970 1373 1174 1422 temporis

186 1438 305 1476 Illius
335 1438 529 1477 recordor
559 1438 768 1476 ultimam.

681 1521 866 1559 Cicero.

783 1586 838 1623 Et
869 1599 944 1635 ego
975 1585 1168 1623 similiter
1198 1598 1291 1623 mea

186 1652 390 1690 Memoria
418 1653 526 1690 istuc
559 1656 727 1701 tempus
758 1651 1026 1701 complector.
1061 1664 1144 1700 quo
1176 1664 1260 1688 una
1292 1664 1366 1688 nos

975 1717 1171 1761 viximus,

100 1793 163 1817 300
189 1783 278 1833 Ego
308 1782 479 1832 quidem
511 1783 685 1823 Romae.
718 1781 789 1819 ubi
821 1781 1040 1831 aliquanto
1072 1786 1167 1831 post
1199 1782 1240 1818 in
1270 1781 1370 1819 Asia

963 1847 1051 1884 dux
1081 1846 1143 1884 fui
1167 1850 1210 1884 et

186 1912 437 1963 Imperator,
469 1913 536 1951 hic
567 1914 610 1950 in
640 1912 777 1950 Gallia
805 1916 849 1950 et
879 1912 1106 1950 Germania
1136 1912 1234 1949 boni

186 1977 462 2028 Imperatoris
487 1977 735 2028 perfunctus
760 1977 921 2019 officio:
950 1978 1049 2015 anni
1075 1977 1128 2015 ab
1153 1990 1202 2015 eo
1230 1981 1418 2026 tempore

186 2043 327 2093 Vsque
343 2043 398 2081 ad
412 2043 523 2081 hunc
537 2043 649 2081 diem
659 2043 789 2092 elapsi
802 2048 899 2080 sunt
917 2042 1026 2080 mille
1042 2043 1220 2080 sescenti
1235 2046 1277 2079 et
1290 2054 1419 2091 prope

187 2108 347 2158 Viginti
377 2113 554 2158 septem.

634 2184 968 2222 Hermannus.

598 2249 730 2287 Dictis
755 2262 819 2287 me
845 2248 1126 2287 delirantibus
1149 2261 1311 2289 enecas,

102 2325 160 2350 305
187 2315 402 2365 Mastigia;
436 2327 536 2352 nam
568 2327 703 2364 neque
737 2318 785 2352 tu
818 2327 1007 2364 unquam
1040 2314 1157 2351 fuisti
1189 2313 1342 2351 ductor

965 2379 1147 2417 militum

173 2459 234 2487 Lat.
254 2459 536 2486 Litteraturdenkm.
558 2459 590 2486 19
1168 2458 1188 2491 2
