1756 2671
71 614 128 639 245

70 1183 130 1208 250

65 1880 122 1906 255

362 91 622 124 FRISCHLINVS,
649 91 778 119 JVLIVS
798 91 1011 122 REDIVIVVS.
1051 92 1069 123 1,
1090 92 1112 118 1.
1355 94 1394 128 13

159 202 301 240 Armis
333 215 406 252 per
440 203 527 240 vim
561 206 823 252 occuparunt
857 205 985 251 atque
1021 202 1062 239 in
1098 202 1173 239 hoc
1210 215 1308 252 agro

160 267 464 313 Consederunt,
497 280 603 317 quae
633 280 735 317 gens
765 267 818 304 ad
848 267 925 304 hoo
956 272 1126 316 tempus
1154 268 1285 305 etiam

159 331 238 370 His
265 331 435 371 sedibus
462 345 505 370 se
533 333 724 370 continet
751 345 1045 381 summamque
1075 332 1203 370 habet

158 396 360 436 Just-Atiae
390 402 435 435 et
463 397 600 436 laudis
630 397 801 435 bellicae
832 396 1087 447 opinionem.

679 474 863 513 Cicero.

1137 540 1223 590 Age

158 604 280 650 Vero,
309 605 390 650 dic,
420 605 606 651 obsecro,
638 606 695 643 mi
724 605 887 649 Caesar,
920 618 1002 654 quo
1033 606 1175 643 animo
1205 607 1314 643 sient

159 669 304 716 Quove
335 671 514 720 ingenio,
547 671 618 720 qui
648 670 724 708 has
753 674 886 708 terra-s
916 660 1118 708 incolunt.
1353 669 1356 670 ⁷

676 753 870 792 Caesar.

157 817 296 868 Longe
329 818 371 856 hi
401 823 500 856 sunt
533 819 724 856 homines
757 818 1052 856 humanissimi
1086 831 1221 868 neque

157 882 341 921 Multum
373 896 398 921 a
428 884 732 922 consuetudine
766 884 1002 922 Sueborum
1033 884 1250 921 differunt.

679 966 864 1004 Cicero.

155 1029 351 1068 Credisne
385 1044 483 1069 vero
514 1044 590 1069 nos
621 1036 687 1069 sat
719 1036 836 1069 tutos
866 1031 953 1069 fore
987 1032 1027 1068 in
1061 1031 1123 1069 his
1154 1031 1277 1069 locis?

672 1108 866 1146 Caesar.

156 1172 306 1219 Immo,
341 1174 542 1223 quoniam
574 1173 760 1223 hospites
792 1173 949 1211 violare
981 1173 1098 1211 nefas
1130 1177 1305 1223 putant:

156 1238 236 1284 Qui
266 1251 434 1288 quaque
463 1239 514 1277 de
543 1252 672 1277 causa
700 1239 754 1277 ad
781 1252 852 1277 eos
881 1239 988 1276 forte
1020 1240 1226 1279 venerint,

154 1303 221 1341 Ab
252 1304 410 1353 injuria
439 1304 610 1342 eosdem
643 1303 870 1354 prohibent
902 1308 1155 1353 sanctosque
1198 1305 1369 1343 habent.

155 1368 233 1406 His
263 1370 452 1407 omnium
482 1369 634 1408 domus
664 1373 828 1419 patent.

649 1451 729 1490 Cic·
740 1465 834 1489 ero.

859 1517 973 1554 Dicis
1004 1516 1147 1566 probe.

672 1600 865 1638 Caesar.

153 1664 298 1703 Etiam
330 1666 468 1703 victus
497 1666 848 1703 communicatur.

680 1742 864 1779 Cicero.

886 1807 1032 1845 Gestio

151 1871 370 1918 Meherole‚
400 1885 500 1910 nam
528 1872 639 1910 mille
667 1876 710 1910 et
739 1876 952 1910 sescentos
981 1885 1114 1910 annos
1142 1873 1251 1911 fame

152 1936 294 1986 Atque
324 1937 465 1975 inedia
493 1937 707 1976 conficior.
766 1937 848 1976 Sed
878 1951 954 1987 pro
984 1938 1207 1988 Juppiter!

669 2026 699 2064 C
709 2040 732 2063 a
742 2040 763 2064 e
771 2039 789 2063 s
799 2040 821 2063 a
833 2040 862 2063 r.

151 2089 262 2136 Quid
290 2094 355 2128 est
366 2091 380 2128 2

675 2156 704 2195 C
714 2157 754 2194 io
765 2170 786 2194 e
796 2170 814 2194 r
822 2170 859 2194 ο.

424 2220 600 2268 Qualem
626 2221 793 2259 homine
799 2235 840 2260 m
868 2221 989 2260 video
1005 2226 1012 2260 ἱ
1041 2235 1166 2272 quem
1203 2224 1339 2260 virum
1356 2227 1362 2260 ἶ

670 2287 701 2325 C
710 2300 733 2324 a
742 2300 764 2325 e
772 2300 790 2325 s
800 2301 824 2325 a
834 2301 864 2325 r.

149 2349 334 2389 Vbinam
347 2352 358 2388 3
