1722 2663
265 112 312 147 84

270 829 345 853 1000

274 1687 287 1711 1
293 1686 343 1711 065

556 110 815 142 FRISCHLINVS.
834 109 964 137 JVLIVS
985 109 1198 139 REDIVIVVS.
1229 110 1262 141 ΙΙ,
1281 110 1304 135 4.

825 220 1018 258 Caesar.

662 285 758 322 Non
783 285 902 322 novit
929 289 970 321 te
996 288 1125 334 atque
1151 285 1280 322 alium
1306 297 1434 334 quam
1459 285 1514 322 sis
1538 289 1580 322 te

1121 349 1297 398 judicat.

813 425 1069 464 Allobrox.

382 492 492 529 Haec
528 491 721 528 militaris
754 489 876 528 hodie
909 490 1131 540 disciplina
1162 495 1226 528 est
1259 490 1349 528 aliis
1380 491 1582 540 injuriam

378 556 550 595 Inferre.
592 555 703 593 bona
741 556 912 605 eripere,
954 555 1008 593 ad
1046 569 1190 594 necem
1227 555 1501 594 deverberare
1539 560 1580 594 et

1120 622 1292 671 insuper

379 687 430 724 Id
469 687 630 737 gratiae
671 685 750 724 sibi
791 686 1027 735 deposcere,
1072 687 1185 736 quod
1226 691 1315 724 tam
1356 687 1583 724 clementer

1122 753 1283 802 egerint

379 817 436 855 Ac
456 817 581 855 modo
599 830 683 855 non
700 817 815 854 lucro
833 829 1057 867 apponere,
1079 817 1192 866 quod
1209 830 1294 855 non
1310 818 1470 855 occisus
1488 818 1580 855 sies.

758 893 1092 931 Hermannus.

380 962 468 1005 Que
499 959 608 1008 jases
639 963 686 997 tu
698 960 711 996 ’ἰ

830 1024 1022 1062 Caesar.

718 1089 844 1127 Missa
886 1089 1044 1127 isthaec.
1085 1088 1289 1127 faciamus
1329 1093 1371 1126 et
1410 1089 1493 1126 alia
1530 1101 1582 1126 ex

1123 1154 1199 1192 hoe
1231 1154 1400 1191 homine

382 1219 592 1258 Seitemur
608 1223 614 1257 !

759 1284 1093 1322 Hermannus.

590 1349 631 1388 Si
662 1349 764 1387 libet
794 1349 938 1387 audire
966 1349 1147 1387 hominis
1174 1350 1331 1399 perjuri
1360 1349 1581 1387 mendacia.

380 1415 436 1452 Et.
460 1428 605 1465 nugas,
631 1428 706 1465 age
730 1421 1045 1464 percontemur;
1086 1427 1185 1452 nam
1210 1415 1332 1452 hodie
1357 1415 1428 1452 vix
1452 1414 1585 1452 ullum

1101 1480 1283 1529 reperias

381 1545 615 1583 Hominum
651 1558 782 1595 genus
819 1545 1202 1594 mendaciloquius,
1240 1546 1462 1595 nugacius,
1495 1558 1585 1595 per-

1221 1611 1356 1659 jurius

383 1676 520 1722 Qua-m
548 1679 648 1713 sunt
675 1681 930 1714 mercatores
956 1675 1178 1724 ejusmodi.

862 1752 1055 1791 Caesar.

1204 1818 1507 1856 Peroontemur

1154 1888 1311 1928 tamen,

384 1948 487 1993 Quis
516 1947 643 1985 homo
674 1948 742 1986 sit.

789 2014 1123 2051 Hermannus.

382 2078 485 2124 Quis
509 2079 621 2116 enim
653 2078 758 2116 alius
783 2079 861 2116 nisi
888 2091 1071 2128 nequam
1084 2083 1096 2115 ’ζ

853 2156 1047 2194 Caesar.

1048 2221 1131 2260 Sed
1161 2221 1303 2270 cujas?

789 2297 1124 2336 Hei-mannus.

1255 2361 1479 2401 Sabaudus
1508 2366 1584 2399 est.
