1722 2663
170 313 246 338 1790

172 1092 244 1116 1795

173 1678 249 1703 1800

386 123 647 155 FRISCHLINVS,
666 123 794 150 JVLIVS
816 120 1030 152 REDIVIVVS.
1069 119 1115 150 IV,
1133 119 1167 149 3:
1187 119 1221 150 V,
1242 120 1264 145 l.
1421 119 1487 153 145

283 234 523 285 Impubem,
534 234 657 272 hodie
674 233 916 271 centuriata
930 229 1112 268 habeam
1128 230 1281 279 capitis
1291 230 1484 267 comitia.

279 301 364 339 Vos
406 312 504 338 vero
545 312 596 337 ne
626 298 882 348 exspectetis
923 308 1002 341 me,
1044 295 1266 343 dumhac
1295 294 1485 334 domum

1025 360 1196 398 redeam
1227 361 1310 398 via.

527 510 701 549 ACTVS
732 509 782 547 V.
842 507 1063 547 SCAENA
1093 507 1127 545 I.
1167 560 1170 570 ί

757 621 920 659 Pluto.

279 689 428 740 Stygia
444 688 598 738 palude
616 687 697 725 huc
714 699 817 724 exeo
834 699 855 723 e
873 686 1022 724 furvae
1040 685 1315 734 Proserpinae
1334 684 1488 734 regnis,

279 755 521 793 Ciceronem
541 757 585 791 et
607 753 828 791 Caesarem
850 752 1007 801 passim
1028 751 1251 800 investigo,
1276 761 1488 798 nusquam

1030 820 1179 853 tamen.
1204 814 1297 858 ilios
1342 847 1343 850 ,

280 885 487 923 Locorum
514 884 697 922 invenio.
731 883 919 930 Quartus
947 882 1012 918 hic
1034 881 1190 918 mensis
1215 879 1340 919 nobis
1366 879 1487 921 abiit„

1029 959 1082 983 ex
1114 959 1197 995 quo

280 1015 474 1053 Infernas
504 1014 724 1052 deseruere
756 1012 875 1050 sedes
907 1023 1002 1050 mea
1032 1015 1179 1049 tamen
1210 1010 1433 1049 voluntate

279 1080 459 1130 Meoque
488 1080 716 1129 permissu;
747 1090 930 1127 namque
966 1076 1040 1114 ubi
1069 1076 1277 1114 desiderio
1306 1075 1491 1125 flagrare·

1030 1141 1122 1181 illos

279 1210 576 1249 Animadverti
607 1208 772 1247 visendi
804 1208 1046 1246 Teutonum
1077 1210 1248 1257 gentem
1279 1210 1323 1244 et
1354 1218 1491 1244 novas

1031 1272 1169 1317 urbes,

279 1340 470 1379 Tandem
496 1340 719 1390 longorum
746 1343 946 1377 votorum
974 1338 1123 1376 ambos
1149 1337 1242 1375 illos
1269 1341 1491 1386 compotes

1022 1435 1024 1437 ,
1057 1403 1151 1440 feci.

279 1471 403 1509 Nunc
437 1469 718 1520 quaeritando
752 1469 915 1519 aliquas
947 1469 1204 1519 perlustravi
1237 1468 1491 1506 Germaniae

1030 1538 1186 1575 terras„

281 1601 349 1639 An
363 1601 472 1639 forte
488 1601 723 1650 conspicer3
740 1600 866 1637 nimis
882 1603 1040 1645 metuo,
1058 1612 1109 1637 ne
1127 1599 1318 1637 manium
1335 1610 1494 1636 arcana

285 1665 537 1705 Mortalibus
572 1665 758 1716 prodant
793 1668 838 1702 et
874 1664 1036 1714 aliquid
1072 1665 1219 1703 damni
1255 1664 1359 1709 dent
1395 1674 1491 1701 meo

1031 1743 1173 1780 regno.

281 1797 418 1835 Nimis
459 1796 661 1846 insipiens
703 1795 777 1840 fui,
821 1796 893 1845 qui
935 1795 1042 1833 hanc
1085 1795 1165 1833 illis
1205 1795 1376 1832 fecerim
1418 1806 1492 1843 po-

1024 1864 1247 1898 testatem:

282 1928 479 1966 Mercurii
521 1925 865 1975 suaviloquentia
911 1929 960 1963 ut
1008 1927 1259 1964 assentirem
1301 1925 1381 1962 huc
1424 1936 1492 1963 me

1032 1991 1204 2041 impulit
1234 1990 1429 2028 stultum.

284 2058 415 2097 Haud
451 2056 573 2095 facile
613 2056 838 2106 quisquam
875 2056 953 2094 hoc
991 2056 1243 2106 impetrabit
1281 2069 1307 2094 a
1342 2067 1408 2093 me
1448 2055 1492 2092 in

1034 2125 1266 2171 posterum.
1294 2120 1453 2160 Verum

228 2216 229 2220 ,
284 2186 585 2226 Percommode
624 2186 790 2232 accidit,
835 2189 885 2224 ut
920 2187 1172 2225 Turnesium
1210 2186 1447 2224 audiverim

178 2329 250 2354 1805

1034 2255 1192 2297 vatem,

287 2318 367 2365 Qui
392 2318 533 2369 genesi
559 2316 747 2355 Caesaris
782 2317 974 2366 inspecta
1003 2315 1495 2355 mihicommonstravit

1032 2394 1085 2419 ex
1116 2382 1241 2420 astris

248 2465 309 2491 Lat.
328 2464 610 2491 Litteratnrdenkm.
626 2462 665 2488 19.
1222 2463 1262 2497 10
