1756 2671
399 134 659 167 FRISCHLINVS.
688 134 815 161 JVLIVS
837 134 1048 164 REDIVIVVS.
1087 135 1106 165 Ι,
1128 135 1148 160 l.

197 244 344 283 Habet
372 249 416 283 et
446 246 622 283 scientia
651 249 778 294 atque
811 258 888 283 usu
919 246 976 282 rei
1008 245 1179 283 bellicae

112 322 172 346 130
199 310 340 360 Longe
371 310 586 349 antecedit
616 314 789 348 ceteras.

721 393 906 431 Cicero.

823 458 1042 495 Videlicet.

716 542 910 578 Caesar.

197 605 404 644 Homines
435 606 479 643 in
511 618 560 644 ea
591 610 690 642 sunt
722 607 954 655 perveteris
986 607 1217 655 potentiae.

720 688 905 726 Cicero.

198 753 317 791 Adde
348 754 479 791 etiam
508 753 761 792 industriae:
794 766 893 790 nam
924 766 1098 803 magnos
1129 753 1302 803 opifices

199 818 256 856 Et
285 818 473 856 sollertes
500 819 545 856 in
575 832 624 856 ea
651 831 739 856 esse
771 818 967 863 artifices,
1001 818 1095 855 huic
1127 821 1185 857 rei

197 883 304 922 Tam
335 883 557 934 magnifice
589 888 632 920 et
664 883 825 921 affabre
857 887 900 920 et
933 885 1111 933 antiquo
1142 884 1323 922 artificio

112 960 168 983 135
198 948 372 987 Caelata
401 949 529 987 turris
558 948 713 986 indicio
742 952 819 993 est,
853 962 960 998 quae
992 962 1033 986 se
1065 949 1192 987 altius

199 1014 234 1051 Ε
265 1018 377 1052 terra
407 1014 566 1052 attollit
598 1027 726 1063 quam
756 1015 884 1051 turris
916 1014 1168 1063 Babylonia.

718 1096 911 1135 Caesar.

198 1161 270 1199 Ita
299 1165 375 1199 est.

668 1227 853 1266 Cicero.

415 1303 524 1341 Tum
556 1316 654 1342 vero
685 1303 913 1342 horarium.
946 1308 994 1341 ut
1025 1304 1214 1342 mirabile
1245 1309 1323 1343 est.

717 1380 911 1419 Caesar.

195 1444 411 1496 Perquam
440 1445 644 1484 mirabile.

722 1522 907 1561 Cicero.

635 1612 687 1615 —
717 1587 789 1625 ubi
820 1587 902 1633 Sol,
936 1587 1057 1625 Luna
1085 1592 1128 1625 et
1158 1593 1298 1626 cetera

201 1653 401 1691 Errantia
430 1652 567 1691 sidera
596 1656 738 1691 motus
767 1657 811 1690 et
840 1666 986 1690 cursus
1017 1666 1114 1691 suos

113 1730 174 1753 110
201 1718 495 1769 Recursusque
528 1718 632 1756 adeo
664 1719 788 1756 certis
819 1723 1027 1768 peragunt
1058 1718 1265 1768 passibus,

201 1784 259 1823 Vt
288 1784 486 1822 certiores
515 1785 559 1821 in
588 1784 702 1822 caelo
735 1785 806 1821 vix
836 1796 1033 1834 peragere

200 1848 450 1887 Videantur.

720 1926 913 1964 Caesar.

473 1990 577 2028 Mihi
607 2004 705 2028 sane
737 1995 826 2029 tam
856 1991 1007 2029 doctus
1037 2004 1122 2029 non
1152 1991 1234 2028 fuit-

201 2056 437 2106 Quisquam
467 2055 696 2106 Sosigenes,
729 2069 889 2095 annum
918 2069 1015 2095 cum
1046 2057 1324 2095 restituerem

203 2121 343 2171 Atque
373 2120 497 2159 isthic
529 2121 682 2159 artifex
712 2121 795 2159 fuit
824 2121 951 2171 hujus
982 2121 1215 2159 machinae.

724 2204 909 2242 Cicero.

118 2279 172 2304 145
202 2268 336 2307 Credo
364 2268 573 2318 equidem.
632 2268 729 2306 Non
757 2269 870 2307 enim
901 2282 1060 2307 annum
1091 2270 1326 2307 metiuntur
1355 2269 1397 2307 hi

204 2333 408 2372 Homines
437 2334 710 2383 populariter,
743 2338 791 2371 ut
821 2334 933 2373 olim.
966 2334 1267 2372 tantummodo

202 2398 321 2444 Solis,
353 2398 396 2437 id
425 2403 489 2436 est
519 2400 643 2436 unius
674 2400 775 2436 astri
807 2399 957 2439 reditu.
991 2399 1063 2436 sed
1094 2399 1218 2436 simul

1414 138 1433 171 *J
