1722 2663
126 380 201 406 1680

131 1538 144 1561 1
149 1536 200 1562 685

134 2057 210 2083 1690

402 126 661 159 FRISCHLINVS,
680 126 807 154 JVLIVS
829 125 1041 156 REDIVIVVS.
1071 125 1120 158 IV,
1143 126 1165 151 l.
1377 125 1442 161 137

235 239 570 287 Animorumque
597 236 847 274 dilabuntur
873 235 1037 282 robora,
1064 235 1123 273 ibi
1151 236 1300 280 virtus,
1328 235 1387 273 ibi

234 303 429 342 Militaris
457 302 691 353 disciplina,
720 301 779 339 ibi
805 301 922 338 fama
947 302 1087 338 exacti
1115 301 1332 350 temporis,

236 368 302 407 Ibi
331 369 466 407 futuri
496 381 590 418 spes
619 367 918 416 exstinguitur.

705 460 817 499 Allo
827 460 852 497 b
862 473 881 497 r
889 474 913 498 o
922 474 964 499 x.

956 526 1067 571 Quin
1095 530 1143 564 tu
1174 530 1335 563 vestem

984 591 1091 629 hanc
1124 590 1202 628 tibi

237 658 479 709 Stragulam
508 658 611 695 emis
624 658 635 694 ἓ

672 750 1008 788 Hermannus.

685 816 866 864 Majores
889 816 1024 853 nostri
1048 814 1228 864 pellibus

984 880 1169 918 ferarum
1198 884 1241 917 et
1272 880 1336 917 his

238 948 463 985 Renonum
492 947 750 997 tegumentis
777 945 1029 991 utebantur3
1058 944 1117 982 ibi
1145 958 1294 995 sagum

985 1010 1182 1048 omnibus

236 1077 390 1116 Fibula
419 1081 495 1115 aut
525 1078 559 1115 si
588 1077 733 1115 deerat
764 1077 886 1126 spina
916 1080 1171 1114 consertum.

712 1170 748 1208 A
757 1170 824 1209 110
834 1170 859 1208 b
869 1183 888 1207 r
896 1184 920 1208 o
929 1183 970 1208 x.

1081 1235 1202 1272 Rude
1234 1247 1324 1272 saec
1331 1234 1449 1272 ulum

239 1302 355 1340 Tunc
383 1305 476 1339 erat
502 1305 546 1339 et
572 1301 712 1339 nullus
740 1300 962 1339 Germanis
989 1301 1129 1338 cultus
1156 1313 1230 1349 per

987 1366 1252 1403 commercia.

675 1460 1011 1498 Hermannus.

241 1525 427 1576 Ideoque
455 1526 646 1564 omnium
672 1525 892 1563 fortissimi
920 1524 1120 1563 Germani
1147 1538 1194 1562 ac
1221 1524 1448 1570 Teutones,

241 1591 421 1637 Quando
451 1591 587 1629 adhuc
617 1591 675 1628 illi
708 1604 732 1628 a
760 1590 879 1628 cultu
908 1591 1151 1640 provinciae
1181 1589 1421 1639 longissime

240 1656 432 1695 Aberant
453 1657 718 1705 ¹minimeque
750 1655 804 1693 ad
832 1669 902 1693 eos
932 1659 1188 1693 mercatores
1218 1667 1340 1704 saepe
1370 1668 1391 1691 e

988 1720 1125 1759 Gallia

241 1786 549 1826 Commeabant
575 1791 703 1836 atque
729 1800 791 1826 ea.
821 1799 929 1836 quae
957 1785 1013 1824 ad
1039 1787 1204 1823 animos

989 1845 1299 1888 effeminandos

245 1917 480 1963 Pertinent,
505 1916 812 1967 importabant.
858 1917 971 1954 Nam
995 1916 1050 1954 ad
1074 1929 1179 1966 quos
1201 1920 1266 1953 est

247 1976 249 1979 ¹
989 1981 1296 2019 mercatoribus

243 2047 410 2092 Aditus,
441 2047 593 2085 horum
622 2048 751 2084 animi
782 2047 1119 2097 relanguescunt,
1151 2047 1288 2084 virtus

989 2112 1236 2149 remittitur.

716 2199 975 2240 Allobrox.

244 2263 311 2301 Ah
335 2276 491 2314 quaeso
515 2268 570 2310 te,
596 2264 726 2310 miles,
752 2264 916 2302 abstine
942 2264 995 2302 ab
1019 2264 1082 2302 liis
1105 2264 1320 2302 damnosis

991 2329 1178 2374 vocibus,

244 2393 382 2432 Nocet
404 2393 507 2432 haec
532 2395 668 2432 oratio
692 2394 812 2444 gulae
838 2399 936 2432 tuae
961 2395 1200 2443 nostrisque
1226 2392 1450 2431 mercibus.
