1722 2663
179 372 248 398 1825

185 960 256 984 1830

189 1547 256 1572 1835

190 2197 264 2223 1840

457 119 716 153 FRISCHLINVS‚
738 120 868 148 Jvmvs
890 119 1103 149 Rssmvwvs.
1140 119 1174 147 v.
1196 120 1217 146 1.
1430 121 1493 155 147

286 231 352 268 Me
371 230 554 269 dicerem
577 235 621 268 et
645 230 888 269 hominibus
911 230 1082 269 oracula
1104 229 1286 268 ederem.
1312 229 1493 267 Proinde

1037 308 1183 333 omnes

285 361 411 402 Nunc
429 374 581 400 nervos
601 362 757 412 ingenii
778 361 1027 407 intendo,ut
1045 361 1185 410 superi
1206 373 1320 398 meos
1340 360 1495 397 iterum

1040 429 1172 471 vates,

288 492 403 530 Meos
439 491 621 541 hariolos
657 492 836 530 audiant
870 495 914 529 et
949 504 1088 529 sacros
1125 503 1304 541 augures
1340 490 1496 529 Christi

288 556 420 603 Illius,
453 558 525 607 qui
546 570 664 595 meus
685 560 807 595 atrox
833 557 966 594 hostis
991 560 1068 601 est,
1099 556 1337 606 neglegant.
1384 555 1496 594 Nam

1043 621 1115 660 ubi
1146 621 1278 671 pluris

290 687 421 726 Fiunt
448 700 648 738 responsa
674 687 947 737 haruspicum
973 687 1023 724 de
1052 687 1190 724 nescio
1219 699 1303 736 quo
1330 686 1497 737 trigono

1039 753 1161 802 igneo

292 818 430 865 Quam
468 831 575 868 quae
613 819 876 868 praescripta
912 821 1013 855 sunt
1050 816 1293 855 hominibus
1330 820 1497 854 sacrato

1041 882 1120 920 Dei
1151 881 1292 927 verbo,

292 948 359 987 Ibi
400 961 492 987 meo
532 948 766 986 consulitur
806 949 967 993 honori,
1009 947 1067 985 ibi
1101 946 1317 985 stabilitur
1357 960 1499 984 meum

1042 1026 1230 1063 regnum.

292 1079 401 1117 Tum
424 1080 537 1117 enim
562 1079 752 1116 homines
783 1079 917 1116 securi
941 1078 1262 1116 obdormiscunt
1286 1079 1329 1115 in
1354 1090 1498 1115 aurem

1044 1144 1252 1181 utramvis
1285 1146 1360 1180 aut

294 1209 418 1248 Inani
454 1209 617 1248 turbati
653 1213 771 1248 metu
806 1209 1064 1247 hariolorum
1099 1208 1266 1259 fulgura
1299 1221 1351 1245 ex
1387 1207 1500 1257 pelvi

296 1275 395 1313 Plus
416 1276 723 1325 pertimescunt
753 1288 881 1324 quam
905 1275 983 1312 Dei
1006 1274 1184 1312 caeleste
1207 1273 1387 1312 fulmen:
1421 1273 1498 1310 hoc

1045 1352 1214 1389 quaero.

296 1405 451 1444 Verum
480 1405 531 1443 de
562 1405 625 1442 his
656 1405 873 1443 hactenus.
905 1405 1016 1443 Nam
1047 1405 1149 1442 mihi
1180 1408 1246 1442 sat
1275 1408 1352 1449 est,
1386 1403 1500 1453 quod

1044 1471 1195 1520 optimi
1228 1469 1338 1507 vatis

296 1536 477 1574 Tiresiae
504 1560 556 1563 —
580 1536 614 1573 is
643 1536 756 1574 enim
788 1537 841 1573 sit
872 1549 1021 1573 caecus
1052 1535 1163 1577 licet,
1198 1534 1312 1584 apud
1343 1534 1500 1571 inferos

1050 1604 1194 1638 tamen
1214 1612 1339 1637 caeca

297 1667 353 1704 Et
371 1666 550 1705 obscura
568 1667 705 1716 aperit
724 1689 775 1694 ——
792 1666 988 1711 Tiresiae,
1008 1667 1196 1716 inquam„
1218 1665 1329 1702 vatis
1347 1664 1501 1702 indicio

1045 1735 1184 1769 certus

297 1797 399 1836 Sum
420 1797 559 1835 factus
580 1796 630 1834 de
653 1797 849 1835 Cicerone
870 1800 913 1834 et
936 1796 1124 1839 Caesare,
1149 1797 1242 1846 quis
1263 1796 1305 1832 in
1327 1794 1503 1832 aedibus

1046 1865 1211 1911 potent.

298 1927 451 1977 Itaque
493 1927 657 1965 Aeacus
698 1927 917 1976 praemisit
959 1927 1038 1964 huc
1083 1926 1295 1976 quendam
1336 1938 1357 1962 e
1399 1925 1503 1962 meis

1046 1991 1261 2030 fratribus.
1308 1991 1378 2040 qui
1412 1989 1504 2027 illos

299 2057 514 2103 Reducat;
556 2070 655 2095 nam
688 2058 745 2095 sic
780 2058 1000 2095 Caesarem
1034 2058 1170 2107 poetis
1203 2055 1472 2094 commodare

1046 2135 1166 2160 aures

297 2187 395 2226 Non
429 2191 607 2237 apparet
642 2200 740 2225 Vero
774 2187 1015 2225 consultum
1050 2187 1220 2225 sedibus
1254 2187 1334 2223 mei
1369 2186 1503 2235 regni:

300 2252 388 2303 Ego
414 2256 562 2302 poetas
588 2252 682 2290 volo
708 2252 884 2298 adulari,
912 2254 1119 2290 assentari
1144 2251 1308 2290 civibus
1334 2251 1505 2297 nostris,

300 2317 405 2356 Volo
427 2317 599 2355 laudare
624 2317 715 2355 illos
744 2317 958 2367 culpanda
985 2322 1029 2355 et
1055 2330 1198 2355 rursus
1222 2316 1391 2365 culpare
1417 2315 1502 2353 lau-

1050 2383 1205 2420 danda.

1238 2462 1300 2497 1οῑιζ
