1756 2671
372 99 632 132 FRISCHLINVS,
660 99 789 127 JVLIVS
809 100 1022 130 REDIVIVVS.
1060 100 1079 130 1.
1099 100 1123 126 2.
1363 103 1408 137 15,

690 211 721 250 C
730 211 742 248 i
750 224 771 248 c
781 224 802 249 e
810 224 830 248 r
838 224 875 249 o.

1137 277 1385 315 Planissime
1394 308 1402 314 .

686 353 717 391 C
726 366 750 390 a
759 366 780 390 e
788 366 807 390 s
816 366 840 390 a
849 366 880 390 r.

169 418 304 464 Quem
319 421 367 456 tu
380 418 515 456 credis
527 430 617 456 esse
633 418 860 464 hominem,
877 418 1019 456 Cicero
1032 419 1044 455 ’ἔ

692 496 722 533 Ο
730 495 743 532 i
752 508 772 532 c
782 508 804 532 e
812 508 831 532 r
839 508 877 532 o.

908 560 1151 598 Romanum
1168 561 1406 610 principem

172 624 262 662 Aut
269 625 653 675 proconsulem,qui
669 629 779 663 sorte
792 625 898 663 hanc
915 625 1058 663 obtine
1065 630 1110 663 at
1123 627 1404 675 provinciam-

618 713 953 751 Hermannus.

168 778 292 816 Nunc
323 778 412 816 dies
440 782 506 816 est
535 780 784 824 constituta,
818 792 902 828 qua
931 778 1195 817 frumentum
1224 780 1348 817 militi

168 843 324 890 Detur;
359 843 436 881 hoc
470 845 712 894 supportari
745 844 849 893 jussi
881 857 933 881 ex
967 845 1030 882 his
1062 844 1257 882 finitimis
1290 845 1405 883 locis.

689 932 719 970 C
728 945 751 969 a
761 946 782 969 e
791 946 808 969 s
819 946 842 970 a
851 946 883 970 r.

90 1008 141 1032 275
172 997 399 1035 Adeamus.

693 1074 723 1112 (¹
732 1075 744 1111 i
753 1088 772 1111 c
783 1087 804 1111 e
813 1088 832 1111 r
841 1087 878 1113 o.

418 1139 569 1178 Lubet.

619 1217 954 1255 Hermannus.

534 1282 766 1327 Provisam,
795 1282 866 1319 ubi
885 1283 941 1320 sit
959 1295 1023 1319 res
1040 1282 1174 1320 frume
1180 1286 1227 1320 nt
1233 1272 1334 1320 aria.
1354 1306 1407 1309 —

171 1347 254 1386 Sed
268 1348 443 1397 quinam
456 1347 498 1385 hi
509 1352 621 1391 sunt,
635 1360 739 1397 quos
754 1352 922 1397 togatos
936 1347 1016 1385 huc
1033 1348 1146 1385 adire
1162 1348 1405 1397 conspicor?

689 1436 720 1474 C
728 1449 751 1473 a
761 1450 782 1473 e
791 1450 809 1473 s
818 1450 841 1473 a
852 1449 883 1474 r.

172 1500 322 1540 Salvus
340 1501 396 1538 sis
413 1505 475 1546 tu,
496 1501 686 1550 quisquis
703 1514 760 1538 es.

695 1590 775 1628 Cic
785 1603 806 1627 e
816 1603 834 1626 r
843 1603 880 1627 o.

769 1654 905 1700 Salve,
926 1655 983 1692 mi
1002 1656 1078 1692 vir.

621 1744 956 1782 Hermannus.

1085 1809 1189 1847 Cum
1209 1822 1284 1847 vos
1302 1809 1407 1847 mihi

172 1873 326 1912 Dicitis
356 1873 550 1919 salutem,
583 1873 719 1912 habeo
749 1874 819 1924 pol
850 1874 971 1912 vobis
1001 1874 1149 1924 dignas
1179 1875 1350 1924 gratias,

173 1939 231 1977 Et
258 1938 363 1977 bene
392 1939 495 1977 mihi
522 1939 796 1989 precantibus
823 1939 927 1977 bene
956 1944 999 1977 et
1026 1941 1114 1990 ipse
1144 1940 1328 1977 vicissim

956 2018 1160 2055 reprecor.

691 2082 843 2119 Caesa
855 2095 885 2118 r.

93 2157 150 2182 280
176 2145 345 2185 Gratias
374 2150 418 2183 et
447 2159 523 2184 nos
553 2146 632 2184 tibi
662 2146 880 2185 habemus.

624 2234 958 2273 Hermannus.

821 2299 903 2338 Sed
921 2300 1095 2350 quinam
1112 2301 1213 2337 estis
1231 2312 1306 2337 vos
1323 2299 1409 2338 duo

176 2365 265 2403 Aut
293 2365 414 2414 cujus
444 2365 501 2402 rei
532 2365 707 2403 venistis
737 2366 897 2415 gratia?
