1756 2671
674 121 984 149 sslssmoomruffi.
1368 124 1486 158 LXXV

262 228 308 263 W
322 228 335 261 i
350 231 366 261 t
381 230 398 259 t
413 237 433 259 e
445 238 471 260 n
487 226 510 259 b
526 237 545 259 e
558 238 576 260 r
591 237 613 269 g
633 227 734 265 1636,
750 227 849 269 apud
869 226 1022 260 heredes
1040 225 1091 259 Cl.
1114 226 1259 269 Bel-ger.
1289 226 1487 268 Ausgaben

166 285 202 308 u.
222 286 254 308 a.
281 274 322 307 in
347 273 527 312 Drasdea,
555 272 752 316 Erlangen‚
783 271 1000 314 Gottingen,
1029 270 1260 306 Greifswald.
1279 270 1488 315 Hamburg.

166 319 384 359 Karlsruhe,
422 318 657 362 Konigsberg
691 319 713 351 i.
751 317 824 356 Pr„
872 318 1040 357 London‚
1076 317 1200 351 Mainz
1239 317 1487 360 (Stadtbibl.),

166 366 365 410 Niirnberg
426 365 563 408 (Germ.
606 365 731 406 Mus),
794 364 1001 407 Strassburg
1066 363 1220 405 (Univ.)‚
1285 363 1488 407 Stuttgart.

166 412 362 455 Tiibingen
392 412 473 454 (Ev.
502 411 613 445 theol.
643 411 838 452 Seminar).

261 469 325 503 Als
356 469 558 513 Widmung
595 469 644 502 ist
680 470 746 503 der
780 469 897 502 editio
932 469 1102 511 prineeps
1134 466 1324 511 folgendes
1356 479 1488 501 voran-

166 515 329 561 gestellt:

260 572 521 609 Nobilissiwis,
551 573 825 616 amplissimiset
856 572 1153 615 prudentissimis
1187 572 1288 606 viris.
1316 573 1491 614 praetori·

164 619 380 654 consulibus
412 627 527 663 atque
565 620 710 653 senatui
750 618 886 651 liberae
912 617 1116 661 imperialis
1142 619 1243 651 urbis
1269 619 1489 662 Argentora-

166 667 294 701 tensis.
331 666 496 700 dominis
537 666 613 698 suis
653 665 1005 699 observandissimis
1042 676 1069 697 s.
1099 675 1132 707 p.
1160 665 1196 698 d.
1262 664 1490 698 Nicodemus

167 712 398 747 Frischlinus
424 724 458 756 p.
478 711 502 744 l.
523 723 646 745 comes
671 711 866 745 Palatinus
885 710 1077 744 Caesarius
1096 714 1166 743 etc.
1217 711 1331 745 Suam
1357 711 1490 754 cuique

165 759 329 804 patriam
372 769 451 790 esse
494 759 739 797 carissimam,
784 756 1017 793 nobilissimi.
1062 756 1282 801 amplissimi
1319 760 1355 789 et
1405 768 1489 801 pru·
1526 764 1543 790 5

162 804 379 840 dentissimi
413 804 498 843 viri,
548 805 714 838 ostendit
740 804 846 836 nohis
875 803 1173 847 sapientissimus
1198 802 1259 835 ille
1294 807 1489 847 poetarum

167 852 365 890 Homerus,
394 850 585 895 proposito
613 849 783 894 exemplo
811 848 969 891 Vlyssis‚
1000 849 1063 892 qui
1096 860 1181 882 cum
1216 848 1346 882 multis
1383 849 1491 882 annis

164 899 277 932 domo
303 897 447 942 patriae
471 896 641 936 afuisset,
668 899 776 930 tanto
802 897 851 929 ad
869 899 1076 929 extremum
1094 895 1279 929 desiderio
1305 895 1492 929 videndae

165 943 320 977 Ithacae
363 954 451 976 suae
495 942 701 986 quamlibet
745 952 899 975 saxos-,ne
942 946 979 973 et
1013 952 1164 985 asperae
1200 940 1412 977 tenebatur,
1448 945 1487 974 ut

163 991 284 1023 etiam
316 992 466 1034 optaret
504 989 651 1022 fumum
688 989 734 1022 (10
774 988 907 1032 patriis
947 998 1053 1031 posse
1079 988 1207 1021 videre
1236 987 1342 1020 focis.
1394 988 1491 1021 Nam
1515 994 1566 1028 10.

168 1035 329 1069 Natale
346 1034 558 1074 solum,ut
578 1040 710 1079 poetae
727 1034 852 1067 verbis
871 1038 967 1071 utar,
986 1045 1053 1066 sua
1071 1034 1235 1076 quadam
1252 1032 1488 1067 dulcedine

165 1083 352 1116 Cunctos
378 1081 504 1115 ducit
524 1084 569 1113 et
588 1081 872 1114 immemores
892 1091 975 1114 non
998 1080 1108 1114 sinit
1128 1090 1220 1112 esse
1241 1079 1319 1113 sui.
1363 1079 1490 1113 Habet

165 1128 265 1161 enim
282 1131 384 1161 terra
402 1127 594 1171 quandam
613 1127 874 1171 cognationem
893 1137 977 1158 cum
996 1126 1157 1165 homine,
1184 1136 1294 1168 quem
1313 1125 1493 1169 produxit

164 1179 204 1208 et
221 1173 409 1219 educavit.
429 1184 647 1218 semperque
672 1172 778 1206 nobis
802 1173 829 1205 ii
850 1171 921 1205 loci
944 1176 1141 1206 versantur
1165 1173 1214 1206 ad
1238 1171 1374 1211 oculos,
1401 1182 1492 1214 quos

164 1231 188 1253 a
222 1220 352 1265 primis
386 1220 489 1254 vitae
523 1218 760 1252 incunabulis
793 1219 1006 1263 aspeximus
1041 1222 1153 1261 atque
1188 1218 1317 1252 intuiti
1352 1229 1490 1251 sumus.
1514 1227 1544 1252 15

167 1266 354 1309 Equidem
381 1265 485 1299 illam
513 1266 634 1310 ipsam
661 1265 794 1304 lucem,
826 1275 937 1308 quam
967 1276 1051 1297 cum
1080 1265 1183 1297 vitae
1211 1264 1363 1297 exordio
1392 1274 1490 1297 acce-

166 1311 302 1357 pimus,
322 1312 446 1356 patria
464 1316 565 1346 terra
584 1311 691 1345 nobis
711 1312 861 1346 videtur
880 1311 1150 1355 suppeditasse,
1171 1315 1212 1343 ut
1233 1309 1326 1343 nihil
1344 1309 1491 1343 interim

164 1358 291 1393 dicam
307 1360 354 1393 de
372 1357 483 1392 vitali
500 1357 563 1391 1110
583 1361 678 1397 aere,
699 1368 809 1401 quem
829 1370 850 1390 a
870 1357 990 1401 prima
1010 1361 1135 1390 nostra
1156 1360 1281 1389 aetate
1300 1356 1492 1389 hausimus

165 1411 205 1439 et
228 1405 288 1438 cui
309 1415 373 1449 per
395 1415 523 1439 omnes
546 1404 730 1448 pueritiae
752 1414 869 1437 annos
892 1403 1135 1436 assuevimus.
1182 1402 1370 1442 Quantam
1393 1402 1491 1434 enim

165 1453 229 1484 aer
254 1451 327 1484 iste
351 1450 651 1484 familiaritatem
678 1461 762 1483 cum
789 1454 923 1483 natura
950 1450 1129 1492 cujusque
1155 1448 1317 1482 hominis
1342 1447 1492 1487 habeat,
1513 1458 1546 1483 20

165 1497 205 1531 id
233 1507 299 1531 nos
327 1497 518 1531 cotidiana
543 1496 771 1540 experientia
797 1500 833 1529 01
860 1506 981 1528 rerum
1007 1495 1174 1528 omnium
1202 1495 1381 1538 magister
1405 1504 1493 1526 usus

166 1544 354 1588 perdocet.
388 1542 570 1577 Videmus
587 1543 849 1585 enim‚quanto
868 1553 951 1574 cum
969 1540 1130 1585 periculo
1148 1540 1494 1585 praestantissimae

166 1600 338 1633 quaeque
377 1593 534 1623 naturae
574 1589 741 1633 patrium
780 1592 817 1621 et
857 1587 927 1620 sibi
966 1587 1205 1631 congenitum
1246 1590 1368 1620 aerem
1409 1597 1492 1619 cum

168 1636 361 1680 peregrino
387 1635 604 1680 plerumque
629 1638 854 1679 permutent.
906 1634 1026 1675 Quare
1052 1633 1189 1667 nemini
1214 1633 1349 1665 mirum
1374 1632 1495 1666 videri

166 1681 294 1721 debet,
318 1682 419 1725 quod
441 1681 576 1726 optimi
598 1681 735 1724 quique
758 1681 919 1724 patriam
943 1691 1049 1713 suam
1072 1683 1180 1713 tanto
1203 1689 1347 1723 semper
1369 1688 1493 1710 amore
1514 1687 1546 1713 25

168 1726 354 1772 complexi
378 1731 480 1767 sunt,
507 1731 649 1771 quanto
676 1727 752 1759 fere
777 1736 903 1760 amore
928 1725 1037 1759 liberi
1061 1736 1147 1758 suos
1173 1728 1346 1769 parentes
1373 1734 1492 1769 prose-

168 1777 348 1817 quuntur.
375 1774 473 1808 Nam
490 1774 694 1818 prudentes
708 1773 780 1805 viri
797 1772 912 1806 etiam
927 1776 1085 1805 mortem
1099 1783 1165 1815 pro
1182 1771 1305 1816 patri-i
1320 1775 1494 1814 oppetere

169 1820 478 1854 honestissimum
511 1830 591 1853 esse
625 1822 859 1852 censuerunt.
928 1818 977 1851 Vt
1012 1818 1110 1850 enim
1146 1816 1404 1851 taeterrimum
1439 1820 1494 1848 est

168 1865 359 1910 flagitium
377 1867 544 1900 deserere
562 1865 725 1910 patriam
744 1868 810 1898 aut
829 1876 911 1897 eam
930 1863 1099 1898 hostibus
1118 1864 1282 1908 prodere,
1302 1863 1355 1896 ita
1375 1862 1495 1895 virtus

168 1915 228 1945 est
257 1911 365 1956 longe
395 1911 644 1957 pulcherrima
674 1910 872 1945 defendere
904 1910 1078 1954 patriam,
1109 1910 1208 1943 tueri
1237 1919 1378 1953 pacem,
1411 1919 1493 1941 con·
1513 1918 1548 1943 30

169 1957 289 1991 sulere
316 1957 432 1992 saluti
460 1958 612 1996 civium,
653 1968 783 1990 nocere
813 1956 962 1995 nemini,
992 1957 1166 2000 prodesse
1195 1955 1387 1989 universis.
1446 1953 1492 1986 Et

169 2005 349 2047 quoniam
377 2008 481 2037 ortus
511 2004 629 2038 nostri
655 2003 859 2036 maximam
888 2006 1033 2047 partem
1064 2002 1185 2046 patria
1216 2001 1285 2033 sibi
1314 2000 1495 2038 vindicat,

167 2050 309 2083 idcirco
337 2051 445 2084 decet
474 2060 602 2084 omnes
625 2048 801 2082 mortales
824 2050 862 2082 in
883 2050 923 2083 id
946 2048 1146 2089 elaborare,
1177 2052 1216 2080 ut
1242 2046 1495 2089 unusquisque

170 2096 270 2129 vires
290 2096 428 2140 ingenii
446 2100 484 2129 et
505 2096 668 2140 corporis
687 2095 746 2128 sui
764 2096 813 2129 ad
833 2094 1041 2128 utilitatem
1061 2104 1296 2127 communem
1317 2091 1494 2130 conferat,

171 2141 266 2175 alius
301 2142 453 2185 quidem
480 2141 641 2176 laterum
669 2141 817 2175 obiectu
851 2141 929 2174 vim
964 2141 1127 2174 hostium
1156 2151 1176 2172 a
1206 2137 1409 2171 cervicibus
1436 2147 1493 2169 su-
1514 2147 1548 2173 35

169 2198 279 2233 orum
301 2188 442 2221 civium
464 2187 728 2232 propulsando,
753 2187 848 2220 alius
870 2187 1049 2221 salutaria
1073 2187 1125 2220 rei
1148 2185 1318 2229 publicae
1342 2182 1495 2217 consilia

170 2234 311 2274 dando,
339 2233 433 2267 alius
459 2235 621 2278 aegrotis
648 2232 859 2267 hominibus
893 2245 938 2267 ex
972 2237 1051 2266 arte
1085 2232 1227 2266 medica
1262 2228 1494 2273 opitulando,

264 2337 305 2367 11)
327 2337 418 2367 ovid,
439 2335 479 2361 Ex
500 2335 595 2361 Ponto
618 2335 624 2360 l
645 2335 714 2366 355.

264 2371 305 2403 1⁴)
328 2371 419 2397 Errat.
440 2371 485 2395 ab.

261 2405 306 2435 22)
329 2406 420 2432 Errat.
441 2405 592 2430 videmur.
