<?xml version="1.0" encoding="UTF-8"?>
<!DOCTYPE html PUBLIC "-//W3C//DTD XHTML 1.0 Transitional//EN"
    "http://www.w3.org/TR/xhtml1/DTD/xhtml1-transitional.dtd">
<html xmlns="http://www.w3.org/1999/xhtml" xml:lang="en" lang="en">
 <head>
  <title>
</title>
<meta http-equiv="Content-Type" content="text/html;charset=utf-8" />
  <meta name='ocr-system' content='tesseract 3.04.00' />
  <meta name='ocr-capabilities' content='ocr_page ocr_carea ocr_par ocr_line ocrx_word'/>
</head>
<body>
  <div class='ocr_page' id='page_1' title='image "./jvlivsredivivvs00frisuoft_0120.png"; bbox 0 0 1722 2663; ppageno 0'>
   <div class='ocr_carea' id='block_1_1' title="bbox 249 112 294 146">
    <p class='ocr_par' dir='ltr' id='par_1_1' title="bbox 249 112 294 146">
     <span class='ocr_line' id='line_1_1' title="bbox 249 112 294 146; baseline 0 0"><span class='ocrx_word' id='word_1_1' title='bbox 249 112 294 146; x_wconf 83' lang='lat'>24</span> 
     </span>
    </p>
   </div>
   <div class='ocr_carea' id='block_1_2' title="bbox 248 776 299 799">
    <p class='ocr_par' dir='ltr' id='par_1_2' title="bbox 248 776 299 799">
     <span class='ocr_line' id='line_1_2' title="bbox 248 776 299 799; baseline -0.039 0"><span class='ocrx_word' id='word_1_2' title='bbox 248 776 299 799; x_wconf 64' lang='grc' dir='ltr'>3ὃῖ)</span> 
     </span>
    </p>
   </div>
   <div class='ocr_carea' id='block_1_3' title="bbox 244 1746 301 1769">
    <p class='ocr_par' dir='ltr' id='par_1_3' title="bbox 244 1746 301 1769">
     <span class='ocr_line' id='line_1_3' title="bbox 244 1746 301 1769; baseline 0.018 -1"><span class='ocrx_word' id='word_1_3' title='bbox 244 1746 301 1769; x_wconf 65' lang='lat'>:52⁸0</span> 
     </span>
    </p>
   </div>
   <div class='ocr_carea' id='block_1_4' title="bbox 527 111 1276 144">
    <p class='ocr_par' dir='ltr' id='par_1_4' title="bbox 527 111 1276 144">
     <span class='ocr_line' id='line_1_4' title="bbox 527 111 1276 144; baseline 0 -6"><span class='ocrx_word' id='word_1_4' title='bbox 527 111 786 144; x_wconf 80' lang='lat' dir='ltr'>FRISCHLINVS,</span> <span class='ocrx_word' id='word_1_5' title='bbox 813 111 941 138; x_wconf 87' lang='lat' dir='ltr'>JVLIVS</span> <span class='ocrx_word' id='word_1_6' title='bbox 961 111 1174 140; x_wconf 80' lang='lat' dir='ltr'>REDIVIVVS.</span> <span class='ocrx_word' id='word_1_7' title='bbox 1213 112 1233 144; x_wconf 90' lang='grc' dir='ltr'>Ι,</span> <span class='ocrx_word' id='word_1_8' title='bbox 1250 111 1276 138; x_wconf 83' lang='grc'>2.</span> 
     </span>
    </p>
   </div>
   <div class='ocr_carea' id='block_1_5' title="bbox 329 222 1564 390">
    <p class='ocr_par' dir='ltr' id='par_1_5' title="bbox 329 222 1564 390">
     <span class='ocr_line' id='line_1_5' title="bbox 812 222 996 260; baseline 0 0"><span class='ocrx_word' id='word_1_9' title='bbox 812 222 996 260; x_wconf 85' lang='lat' dir='ltr'>Cicero.</span> 
     </span>
     <span class='ocr_line' id='line_1_6' title="bbox 1305 288 1564 334; baseline 0 -9"><span class='ocrx_word' id='word_1_10' title='bbox 1305 288 1468 334; x_wconf 79' lang='lat' dir='ltr'>Quaeso</span> <span class='ocrx_word' id='word_1_11' title='bbox 1499 293 1564 326; x_wconf 86' lang='lat' dir='ltr'>te:</span> 
     </span>
     <span class='ocr_line' id='line_1_7' title="bbox 329 352 912 390; baseline 0 -1"><span class='ocrx_word' id='word_1_12' title='bbox 329 352 496 390; x_wconf 75' lang='lat' dir='ltr'>Nomen</span> <span class='ocrx_word' id='word_1_13' title='bbox 526 352 591 390; x_wconf 90' lang='lat' dir='ltr'>dic</span> <span class='ocrx_word' id='word_1_14' title='bbox 623 352 744 390; x_wconf 87' lang='lat' dir='ltr'>nobis</span> <span class='ocrx_word' id='word_1_15' title='bbox 775 358 912 390; x_wconf 86' lang='lat' dir='ltr'>tuum.</span> 
     </span>
    </p>
   </div>
   <div class='ocr_carea' id='block_1_6' title="bbox 330 440 1566 814">
    <p class='ocr_par' dir='ltr' id='par_1_6' title="bbox 330 440 1566 814">
     <span class='ocr_line' id='line_1_8' title="bbox 755 440 1091 478; baseline 0 -1"><span class='ocrx_word' id='word_1_16' title='bbox 755 440 1091 478; x_wconf 84' lang='lat' dir='ltr'>Hermannus.</span> 
     </span>
     <span class='ocr_line' id='line_1_9' title="bbox 930 505 1566 555; baseline 0 -13"><span class='ocrx_word' id='word_1_17' title='bbox 930 505 1019 555; x_wconf 84' lang='lat' dir='ltr'>Ego</span> <span class='ocrx_word' id='word_1_18' title='bbox 1057 505 1195 543; x_wconf 82' lang='lat' dir='ltr'>dicam</span> <span class='ocrx_word' id='word_1_19' title='bbox 1234 518 1369 555; x_wconf 86' lang='lat' dir='ltr'>neque</span> <span class='ocrx_word' id='word_1_20' title='bbox 1408 518 1566 543; x_wconf 86' lang='lat' dir='ltr'>nomen</span> 
     </span>
     <span class='ocr_line' id='line_1_10' title="bbox 1148 583 1291 608; baseline 0 0"><span class='ocrx_word' id='word_1_21' title='bbox 1148 583 1291 608; x_wconf 89' lang='lat' dir='ltr'>meum</span> 
     </span>
     <span class='ocr_line' id='line_1_11' title="bbox 330 634 1500 684; baseline 0.001 -12"><span class='ocrx_word' id='word_1_22' title='bbox 330 634 483 672; x_wconf 79' lang='lat' dir='ltr'>Celabo</span> <span class='ocrx_word' id='word_1_23' title='bbox 525 648 598 672; x_wconf 81' lang='lat' dir='ltr'>vos.</span> <span class='ocrx_word' id='word_1_24' title='bbox 638 634 838 684; x_wconf 80' lang='lat' dir='ltr'>amplius:</span> <span class='ocrx_word' id='word_1_25' title='bbox 864 647 940 684; x_wconf 83' lang='lat' dir='ltr'>ego</span> <span class='ocrx_word' id='word_1_26' title='bbox 966 648 1059 672; x_wconf 87' lang='lat' dir='ltr'>sum</span> <span class='ocrx_word' id='word_1_27' title='bbox 1087 634 1373 681; x_wconf 83' lang='lat' dir='ltr'>Herma-nnus,</span> <span class='ocrx_word' id='word_1_28' title='bbox 1413 635 1500 672; x_wconf 83' lang='lat' dir='ltr'>dux</span> 
     </span>
     <span class='ocr_line' id='line_1_12' title="bbox 1010 700 1274 746; baseline 0.004 -9"><span class='ocrx_word' id='word_1_29' title='bbox 1010 700 1274 746; x_wconf 75' lang='lat' dir='ltr'>Germaniae,</span> 
     </span>
     <span class='ocr_line' id='line_1_13' title="bbox 331 765 981 814; baseline 0.002 -12"><span class='ocrx_word' id='word_1_30' title='bbox 331 765 570 814; x_wconf 73' lang='lat' dir='ltr'>Imperator</span> <span class='ocrx_word' id='word_1_31' title='bbox 599 766 641 802; x_wconf 91' lang='lat' dir='ltr'>in</span> <span class='ocrx_word' id='word_1_32' title='bbox 672 765 748 803; x_wconf 89' lang='lat' dir='ltr'>hoc</span> <span class='ocrx_word' id='word_1_33' title='bbox 779 766 981 803; x_wconf 79' lang='lat' dir='ltr'>exercitu.</span> 
     </span>
    </p>
   </div>
   <div class='ocr_carea' id='block_1_7' title="bbox 328 853 1567 1088">
    <p class='ocr_par' dir='ltr' id='par_1_7' title="bbox 328 853 1567 1088">
     <span class='ocr_line' id='line_1_14' title="bbox 808 853 1001 891; baseline 0 0"><span class='ocrx_word' id='word_1_34' title='bbox 808 853 1001 891; x_wconf 73' lang='lat' dir='ltr'>Caesar.</span> 
     </span>
     <span class='ocr_line' id='line_1_15' title="bbox 964 918 1567 965; baseline 0 -9"><span class='ocrx_word' id='word_1_35' title='bbox 964 919 1262 957; x_wconf 87' lang='lat' dir='ltr'>Herminiusne</span> <span class='ocrx_word' id='word_1_36' title='bbox 1286 919 1353 957; x_wconf 86' lang='lat' dir='ltr'>ille</span> <span class='ocrx_word' id='word_1_37' title='bbox 1377 918 1567 965; x_wconf 68' lang='lat' dir='ltr'>inclitus.</span> 
     </span>
     <span class='ocr_line' id='line_1_16' title="bbox 329 984 1563 1035; baseline 0.001 -14"><span class='ocrx_word' id='word_1_38' title='bbox 329 984 410 1030; x_wconf 80' lang='lat' dir='ltr'>Qui</span> <span class='ocrx_word' id='word_1_39' title='bbox 438 985 574 1022; x_wconf 78' lang='lat' dir='ltr'>victas</span> <span class='ocrx_word' id='word_1_40' title='bbox 602 985 688 1022; x_wconf 81' lang='lat' dir='ltr'>acie</span> <span class='ocrx_word' id='word_1_41' title='bbox 716 985 898 1035; x_wconf 75' lang='lat' dir='ltr'>legiones</span> <span class='ocrx_word' id='word_1_42' title='bbox 927 985 1113 1034; x_wconf 85' lang='lat' dir='ltr'>quinque</span> <span class='ocrx_word' id='word_1_43' title='bbox 1141 998 1226 1022; x_wconf 85' lang='lat' dir='ltr'>uno</span> <span class='ocrx_word' id='word_1_44' title='bbox 1254 984 1470 1034; x_wconf 80' lang='lat' dir='ltr'>quondam</span> <span class='ocrx_word' id='word_1_45' title='bbox 1496 985 1563 1022; x_wconf 88' lang='lat' dir='ltr'>die</span> 
     </span>
     <span class='ocr_line' id='line_1_17' title="bbox 328 1049 908 1088; baseline 0.002 -2"><span class='ocrx_word' id='word_1_46' title='bbox 328 1049 394 1087; x_wconf 76' lang='lat' dir='ltr'>Ad</span> <span class='ocrx_word' id='word_1_47' title='bbox 424 1062 499 1087; x_wconf 89' lang='lat' dir='ltr'>nos</span> <span class='ocrx_word' id='word_1_48' title='bbox 528 1049 684 1088; x_wconf 86' lang='lat' dir='ltr'>inferos</span> <span class='ocrx_word' id='word_1_49' title='bbox 713 1050 908 1087; x_wconf 81' lang='lat' dir='ltr'>demisit?</span> 
     </span>
    </p>
   </div>
   <div class='ocr_carea' id='block_1_8' title="bbox 326 1137 1567 1519">
    <p class='ocr_par' dir='ltr' id='par_1_8' title="bbox 326 1137 1567 1519">
     <span class='ocr_line' id='line_1_18' title="bbox 753 1137 1087 1175; baseline -0.003 0"><span class='ocrx_word' id='word_1_50' title='bbox 753 1137 973 1175; x_wconf 74' lang='lat' dir='ltr'>Herm-an</span> <span class='ocrx_word' id='word_1_51' title='bbox 986 1150 1087 1175; x_wconf 84' lang='lat' dir='ltr'>nus.</span> 
     </span>
     <span class='ocr_line' id='line_1_19' title="bbox 928 1201 1480 1252; baseline -0.002 -12"><span class='ocrx_word' id='word_1_52' title='bbox 928 1203 1037 1245; x_wconf 69' lang='lat' dir='ltr'>Non,</span> <span class='ocrx_word' id='word_1_53' title='bbox 1070 1203 1143 1240; x_wconf 91' lang='lat' dir='ltr'>sed</span> <span class='ocrx_word' id='word_1_54' title='bbox 1169 1216 1224 1239; x_wconf 84' lang='lat' dir='ltr'>ex</span> <span class='ocrx_word' id='word_1_55' title='bbox 1254 1201 1480 1252; x_wconf 85' lang='lat' dir='ltr'>nepotibus</span> 
     </span>
     <span class='ocr_line' id='line_1_20' title="bbox 328 1267 582 1305; baseline 0 0"><span class='ocrx_word' id='word_1_56' title='bbox 328 1267 446 1305; x_wconf 75' lang='lat' dir='ltr'>Vnus</span> <span class='ocrx_word' id='word_1_57' title='bbox 475 1280 582 1305; x_wconf 86' lang='lat' dir='ltr'>sum.</span> 
     </span>
     <span class='ocr_line' id='line_1_21' title="bbox 812 1339 996 1376; baseline -0.005 0"><span class='ocrx_word' id='word_1_58' title='bbox 812 1339 996 1376; x_wconf 68' lang='lat' dir='ltr'>Cicero.</span> 
     </span>
     <span class='ocr_line' id='line_1_22' title="bbox 602 1403 1567 1453; baseline 0 -12"><span class='ocrx_word' id='word_1_59' title='bbox 602 1404 719 1453; x_wconf 72' lang='lat' dir='ltr'>Ejus,</span> <span class='ocrx_word' id='word_1_60' title='bbox 746 1405 816 1453; x_wconf 87' lang='lat' dir='ltr'>qui</span> <span class='ocrx_word' id='word_1_61' title='bbox 842 1403 1096 1450; x_wconf 79' lang='lat' dir='ltr'>Quintilium</span> <span class='ocrx_word' id='word_1_62' title='bbox 1119 1404 1278 1441; x_wconf 84' lang='lat' dir='ltr'>Varum</span> <span class='ocrx_word' id='word_1_63' title='bbox 1301 1403 1476 1442; x_wconf 74' lang='lat' dir='ltr'>adortus</span> <span class='ocrx_word' id='word_1_64' title='bbox 1497 1408 1567 1441; x_wconf 66' lang='lat' dir='ltr'>est</span> 
     </span>
     <span class='ocr_line' id='line_1_23' title="bbox 326 1468 589 1519; baseline 0 -13"><span class='ocrx_word' id='word_1_65' title='bbox 326 1468 589 1519; x_wconf 67' lang='lat' dir='ltr'>Improviso?</span> 
     </span>
    </p>
   </div>
   <div class='ocr_carea' id='block_1_9' title="bbox 654 1540 1561 1721">
    <p class='ocr_par' dir='ltr' id='par_1_9' title="bbox 654 1540 1561 1721">
     <span class='ocr_line' id='line_1_24' title="bbox 753 1540 1089 1578; baseline 0 0"><span class='ocrx_word' id='word_1_66' title='bbox 753 1540 1089 1578; x_wconf 79' lang='lat' dir='ltr'>Hermannus.</span> 
     </span>
     <span class='ocr_line' id='line_1_25' title="bbox 654 1605 1561 1643; baseline 0 0"><span class='ocrx_word' id='word_1_67' title='bbox 654 1606 840 1643; x_wconf 81' lang='lat' dir='ltr'>Minime.</span> <span class='ocrx_word' id='word_1_68' title='bbox 916 1606 1027 1643; x_wconf 75' lang='lat' dir='ltr'>Nam</span> <span class='ocrx_word' id='word_1_69' title='bbox 1066 1618 1142 1643; x_wconf 88' lang='lat' dir='ltr'>nos</span> <span class='ocrx_word' id='word_1_70' title='bbox 1181 1605 1381 1643; x_wconf 78' lang='lat' dir='ltr'>Germani</span> <span class='ocrx_word' id='word_1_71' title='bbox 1420 1605 1496 1643; x_wconf 85' lang='lat' dir='ltr'>hoc</span> <span class='ocrx_word' id='word_1_72' title='bbox 1537 1618 1561 1643; x_wconf 87' lang='lat' dir='ltr'>a</span> 
     </span>
     <span class='ocr_line' id='line_1_26' title="bbox 1036 1670 1230 1721; baseline -0.005 -12"><span class='ocrx_word' id='word_1_73' title='bbox 1036 1670 1230 1721; x_wconf 77' lang='lat' dir='ltr'>patribus</span> 
     </span>
    </p>
   </div>
   <div class='ocr_carea' id='block_1_10' title="bbox 324 1735 1525 1839">
    <p class='ocr_par' dir='ltr' id='par_1_10' title="bbox 324 1735 1525 1839">
     <span class='ocr_line' id='line_1_27' title="bbox 327 1735 1525 1785; baseline 0 -12"><span class='ocrx_word' id='word_1_74' title='bbox 327 1735 380 1773; x_wconf 84' lang='lat' dir='ltr'>Et</span> <span class='ocrx_word' id='word_1_75' title='bbox 412 1735 647 1785; x_wconf 83' lang='lat' dir='ltr'>majoribus</span> <span class='ocrx_word' id='word_1_76' title='bbox 676 1737 832 1773; x_wconf 85' lang='lat' dir='ltr'>nostris</span> <span class='ocrx_word' id='word_1_77' title='bbox 862 1736 1087 1773; x_wconf 83' lang='lat' dir='ltr'>didicimus</span> <span class='ocrx_word' id='word_1_78' title='bbox 1118 1737 1276 1773; x_wconf 74' lang='lat' dir='ltr'>virtute</span> <span class='ocrx_word' id='word_1_79' title='bbox 1306 1741 1350 1773; x_wconf 69' lang='lat' dir='ltr'>et</span> <span class='ocrx_word' id='word_1_80' title='bbox 1380 1748 1525 1782; x_wconf 86' lang='lat' dir='ltr'>manu,</span> 
     </span>
     <span class='ocr_line' id='line_1_28' title="bbox 324 1800 1421 1839; baseline 0.001 -2"><span class='ocrx_word' id='word_1_81' title='bbox 324 1800 420 1838; x_wconf 74' lang='lat' dir='ltr'>Non</span> <span class='ocrx_word' id='word_1_82' title='bbox 450 1801 546 1838; x_wconf 92' lang='lat' dir='ltr'>dolo</span> <span class='ocrx_word' id='word_1_83' title='bbox 576 1801 830 1839; x_wconf 84' lang='lat' dir='ltr'>contendere</span> <span class='ocrx_word' id='word_1_84' title='bbox 861 1814 907 1838; x_wconf 87' lang='lat' dir='ltr'>ac</span> <span class='ocrx_word' id='word_1_85' title='bbox 938 1800 1064 1839; x_wconf 89' lang='lat' dir='ltr'>nullis</span> <span class='ocrx_word' id='word_1_86' title='bbox 1093 1801 1255 1839; x_wconf 84' lang='lat' dir='ltr'>insidiis</span> <span class='ocrx_word' id='word_1_87' title='bbox 1285 1801 1421 1838; x_wconf 87' lang='lat' dir='ltr'>nitier.</span> 
     </span>
    </p>
   </div>
   <div class='ocr_carea' id='block_1_11' title="bbox 323 1894 1563 2271">
    <p class='ocr_par' dir='ltr' id='par_1_11' title="bbox 323 1894 1563 2271">
     <span class='ocr_line' id='line_1_29' title="bbox 803 1894 997 1933; baseline -0.005 0"><span class='ocrx_word' id='word_1_88' title='bbox 803 1894 997 1933; x_wconf 83' lang='lat' dir='ltr'>Caesar.</span> 
     </span>
     <span class='ocr_line' id='line_1_30' title="bbox 324 1959 1560 2010; baseline 0 -13"><span class='ocrx_word' id='word_1_89' title='bbox 324 1959 373 1997; x_wconf 91' lang='lat' dir='ltr'>Id</span> <span class='ocrx_word' id='word_1_90' title='bbox 398 1972 474 2009; x_wconf 84' lang='lat' dir='ltr'>ego</span> <span class='ocrx_word' id='word_1_91' title='bbox 500 1972 653 2010; x_wconf 82' lang='lat' dir='ltr'>magno</span> <span class='ocrx_word' id='word_1_92' title='bbox 679 1972 771 1997; x_wconf 84' lang='lat' dir='ltr'>sum</span> <span class='ocrx_word' id='word_1_93' title='bbox 806 1964 1007 2009; x_wconf 79' lang='lat' dir='ltr'>expertus</span> <span class='ocrx_word' id='word_1_94' title='bbox 1041 1973 1138 1997; x_wconf 90' lang='lat' dir='ltr'>cum</span> <span class='ocrx_word' id='word_1_95' title='bbox 1173 1973 1266 1997; x_wconf 88' lang='lat' dir='ltr'>meo</span> <span class='ocrx_word' id='word_1_96' title='bbox 1302 1959 1426 2005; x_wconf 80' lang='lat' dir='ltr'>malo,</span> <span class='ocrx_word' id='word_1_97' title='bbox 1462 1972 1560 1997; x_wconf 90' lang='lat' dir='ltr'>cum</span> 
     </span>
     <span class='ocr_line' id='line_1_31' title="bbox 1053 2025 1233 2063; baseline 0.006 -1"><span class='ocrx_word' id='word_1_98' title='bbox 1053 2025 1233 2063; x_wconf 77' lang='lat' dir='ltr'>Nervios</span> 
     </span>
     <span class='ocr_line' id='line_1_32' title="bbox 323 2090 1563 2140; baseline 0.001 -13"><span class='ocrx_word' id='word_1_99' title='bbox 323 2090 600 2140; x_wconf 81' lang='lat' dir='ltr'>Aggrederer:</span> <span class='ocrx_word' id='word_1_100' title='bbox 621 2103 721 2128; x_wconf 84' lang='lat' dir='ltr'>nam</span> <span class='ocrx_word' id='word_1_101' title='bbox 736 2091 837 2140; x_wconf 81' lang='lat' dir='ltr'>ipsis</span> <span class='ocrx_word' id='word_1_102' title='bbox 857 2104 906 2128; x_wconf 89' lang='lat' dir='ltr'>ne</span> <span class='ocrx_word' id='word_1_103' title='bbox 924 2091 980 2128; x_wconf 89' lang='lat' dir='ltr'>dii</span> <span class='ocrx_word' id='word_1_104' title='bbox 998 2091 1169 2140; x_wconf 87' lang='lat' dir='ltr'>quidem</span> <span class='ocrx_word' id='word_1_105' title='bbox 1187 2090 1448 2128; x_wconf 82' lang='lat' dir='ltr'>immortales</span> <span class='ocrx_word' id='word_1_106' title='bbox 1468 2094 1563 2128; x_wconf 83' lang='lat' dir='ltr'>tum</span> 
     </span>
     <span class='ocr_line' id='line_1_33' title="bbox 1085 2168 1209 2206; baseline -0.008 -12"><span class='ocrx_word' id='word_1_107' title='bbox 1085 2168 1209 2206; x_wconf 84' lang='lat' dir='ltr'>pares</span> 
     </span>
     <span class='ocr_line' id='line_1_34' title="bbox 324 2220 1558 2271; baseline 0 -13"><span class='ocrx_word' id='word_1_108' title='bbox 324 2221 425 2258; x_wconf 85' lang='lat' dir='ltr'>Esse</span> <span class='ocrx_word' id='word_1_109' title='bbox 441 2220 705 2266; x_wconf 77' lang='lat' dir='ltr'>dicebantur,</span> <span class='ocrx_word' id='word_1_110' title='bbox 723 2234 820 2258; x_wconf 87' lang='lat' dir='ltr'>cum</span> <span class='ocrx_word' id='word_1_111' title='bbox 835 2234 911 2271; x_wconf 81' lang='lat' dir='ltr'>ego</span> <span class='ocrx_word' id='word_1_112' title='bbox 929 2221 1086 2259; x_wconf 88' lang='lat' dir='ltr'>bellum</span> <span class='ocrx_word' id='word_1_113' title='bbox 1101 2221 1166 2258; x_wconf 92' lang='lat' dir='ltr'>his</span> <span class='ocrx_word' id='word_1_114' title='bbox 1181 2234 1369 2271; x_wconf 85' lang='lat' dir='ltr'>gererem</span> <span class='ocrx_word' id='word_1_115' title='bbox 1384 2221 1427 2258; x_wconf 92' lang='lat' dir='ltr'>in</span> <span class='ocrx_word' id='word_1_116' title='bbox 1443 2220 1558 2258; x_wconf 85' lang='lat' dir='ltr'>locis.</span> 
     </span>
    </p>
   </div>
   <div class='ocr_carea' id='block_1_12' title="bbox 747 2309 1082 2346">
    <p class='ocr_par' dir='ltr' id='par_1_12' title="bbox 747 2309 1082 2346">
     <span class='ocr_line' id='line_1_35' title="bbox 747 2309 1082 2346; baseline 0 0"><span class='ocrx_word' id='word_1_117' title='bbox 747 2309 1082 2346; x_wconf 87' lang='lat' dir='ltr'>Hermannus.</span> 
     </span>
    </p>
   </div>
   <div class='ocr_carea' id='block_1_13' title="bbox 1472 2373 1557 2423">
    <p class='ocr_par' dir='ltr' id='par_1_13' title="bbox 1472 2373 1557 2423">
     <span class='ocr_line' id='line_1_36' title="bbox 1472 2373 1557 2423; baseline 0 -13"><span class='ocrx_word' id='word_1_118' title='bbox 1472 2373 1557 2423; x_wconf 82' lang='lat' dir='ltr'>Ego</span> 
     </span>
    </p>
   </div>
  </div>
 </body>
</html>
