1722 2663
182 304 255 329 1860

185 795 254 819 1865

188 1221 260 1245 1870

188 1747 258 1771 1875

458 115 719 146 FRISCHLINVS,
741 115 869 142 JVLIVS
890 113 1102 144 REDIVIVVS.
1141 114 1173 141 V.
1193 115 1218 139 ·.'.
1433 114 1495 147 149

290 227 361 266 Ha
382 228 467 264 cosi
490 239 576 264 una
598 225 728 263 bocca
749 224 1041 275 grandissima.
1073 223 1114 261 la
1136 224 1316 274 guancia

291 293 430 332 Secca.
460 291 578 329 denti
606 292 674 340 poi
702 291 841 340 guasti
868 294 911 327 etv
939 289 1112 327 muffiti.

771 389 933 427 Pluto.

1124 454 1241 499 Vide,

294 522 489 566 Obsecro,
525 522 626 571 quid
658 522 794 558 otium
825 520 968 557 faciat.
1002 519 1082 557 Hic
1115 519 1255 567 jussus
1285 524 1349 555 est

293 588 555 637 Investigare
591 587 832 625 Ciceronem
868 590 996 634 atque
1033 585 1252 623 Caesarem

293 653 552 701 Nullumque
587 651 639 689 ab
674 651 749 689 hoc
783 650 924 688 labore
959 656 1128 699 tempus
1160 650 1327 698 uspiam

294 718 596 756 Intermit-trere.
628 730 678 754 ne
710 730 792 766 quo
823 730 863 753 se
894 715 951 752 illi
982 715 1278 753 subducerent.

294 784 351 821 At.
378 785 600 821 immemor
628 781 759 819 officii
788 782 849 818 sui
880 781 1081 829 Satyrum
1111 780 1175 817 hic
1207 780 1307 829 agit.

675 881 1007 920 Caminarius.

294 949 345 986 Al
373 950 518 999 giorno
548 948 713 997 spazzio
743 946 769 983 li
800 947 954 984 camini

295 1014 451 1064 Sporci,
482 1013 509 1050 li
538 1013 610 1062 piu
640 1011 735 1049 belli
764 1011 874 1049 nella
903 1015 1035 1050 notte.
1066 1009 1193 1047 l’albri

294 1079 484 1117 Nettano
514 1078 554 1116 al
580 1079 725 1128 giorno
755 1077 780 1114 li
813 1076 923 1114 belli.
954 1077 1022 1126 poi
1053 1075 1134 1113 alla

295 1144 427 1182 Notte
457 1156 641 1193 scopano
670 1142 697 1180 li
728 1142 855 1179 bruti.
886 1141 982 1179 Pfui
1012 1141 1039 1178 il
1067 1142 1233 1178 camino

296 1210 350 1247 Di
383 1213 534 1259 questa
564 1221 752 1246 massara
781 1221 801 1244 e
834 1220 913 1256 pur
943 1206 1154 1244 horribile.
1187 1207 1328 1243 niente

296 1275 349 1312 Di
373 1287 523 1312 manco
546 1274 573 1311 il
596 1287 670 1311 suo
695 1272 872 1311 amator'
897 1285 917 1308 e
949 1285 1007 1309 un
1028 1271 1158 1321 gentil
1182 1272 1351 1308 huomo.

764 1372 926 1410 Pluto.

298 1440 415 1477 Heus
448 1439 632 1478 furcifer.
670 1438 771 1488 quid
807 1444 947 1475 tecum
983 1437 1094 1475 solus
1130 1437 1390 1474 murmuras?

296 1505 393 1543 Non
423 1505 564 1554 jussus
592 1518 648 1542 es.
683 1508 730 1540 ut
762 1508 809 1540 tu
842 1503 1062 1541 Caesarem
1096 1502 1220 1540 modo
1254 1513 1475 1550 quaereres

298 1570 354 1608 Et
390 1570 631 1609 Ciceronem
668 1569 732 1606 his
768 1568 880 1606 locis.
920 1567 991 1605 ubi
1027 1568 1272 1605 convivium
1310 1566 1499 1616 agitant?

678 1668 1010 1706 Caminarius.

298 1735 345 1773 Io
375 1748 459 1773 non
486 1734 661 1772 intendo
691 1734 716 1771 il
748 1733 914 1772 Latino.
946 1732 1064 1782 parla
1093 1733 1174 1770 alla
1203 1732 1392 1769 Taliana.

764 1832 927 1870 Pluto.

299 1900 422 1946 Quid,
457 1899 634 1937 nebulo?
685 1898 802 1937 Num
834 1898 989 1935 Latina
1020 1911 1105 1935 non
1136 1896 1366 1946 intellegis?

679 1992 1012 2030 Caminarius

299 2059 346 2097 Io
374 2072 427 2097 no
455 2071 512 2099 so,
541 2058 607 2095 chi
636 2059 668 2095 ti
695 2058 753 2094 sei
780 2070 830 2094 ne
860 2056 1044 2094 anchora
1069 2056 1136 2094 chi
1164 2057 1196 2093 ti
1223 2055 1353 2119 parle.

778 2150 941 2188 Pluto.

300 2217 365 2255 Ah
389 2217 472 2255 mio
496 2216 675 2255 fratello,
701 2229 754 2253 no
779 2216 838 2253 sai
863 2216 909 2254 tsi,
935 2215 1001 2253 chi
1024 2216 1064 2253 io
1088 2216 1173 2252 sia?

680 2315 1011 2353 CaminariuS.

301 2381 351 2419 In
376 2382 512 2418 verita
535 2394 588 2418 no
613 2394 657 2418 so
682 2385 821 2418 nente.
