1722 2663
270 116 314 150 32

265 628 324 652 450

270 1243 318 1268 185

263 1712 324 1736 490

551 113 809 146 FRISCHLINVS,
838 114 967 142 JVLIVS
988 113 1202 143 REDIVIVVS.
1240 115 1258 144 1,
1276 115 1301 140 2.

831 224 1025 262 Caesar.

352 291 523 329 Summe
553 290 766 339 Juppiter,
798 290 870 339 qui
897 290 942 326 in
970 292 1103 326 terras
1131 289 1340 326 devenisti
1368 289 1557 334 coelibus,

351 356 415 394 Sis
456 355 666 405 propitius
708 354 832 391 mihi!
877 353 988 401 Quid
1019 358 1106 391 stas
1148 354 1373 399 attonitus,
1417 353 1584 392 Cicero?

1057 419 1180 464 Hem,
1213 420 1341 465 ocius,

351 486 507 524 Cicero.
543 484 773 535 procumbe
807 486 847 521 in
881 497 1020 534 genua·
1050 490 1094 521 et
1127 485 1257 522 adora
1288 484 1443 523 Jovem
1476 484 1586 523 hunc

1134 549 1395 600 Olympium.

352 616 465 653 Deus
481 616 561 654 hic.
578 615 682 653 deus
697 620 774 661 est,
789 616 859 665 qui
876 628 952 652 nos
962 615 1069 652 falsa
1081 615 1214 653 voluit
1231 615 1373 653 ludere
1390 616 1587 666 imagine.

833 697 1019 735 Cicero.

351 764 384 803 O
417 764 523 801 bone
554 764 755 813 Juppiter
784 767 918 812 pater,
949 762 1071 811 cujus
1101 767 1209 800 nutu
1240 767 1368 812 atque
1399 762 1575 801 arbitrio

349 829 522 867 Caelum
538 834 581 866 et
600 828 688 866 sola
705 832 839 865 terrae
860 832 1074 877 reguntun
1097 829 1168 877 qui
1186 827 1298 865 solus
1315 827 1430 866 caelo
1449 832 1585 873 tonas,

350 894 470 931 Solus
491 894 703 932 fulminas.
717 898 758 930 te
780 893 883 937 colo,
901 898 942 930 te
965 892 1144 942 supplex
1163 906 1350 937 veneror,
1365 898 1405 930 te
1425 905 1585 942 precor,

350 960 414 997 Sis
443 959 654 1008 propitius
683 958 798 996 mihi.

830 1035 1025 1073 Caesar.

787 1100 866 1145 Da,
908 1113 1076 1150 quaeso,
1118 1100 1300 1145 veniam,
1341 1113 1503 1137 summe

1205 1165 1234 1204 J
1238 1166 1420 1215 uppiter,

350 1232 525 1270 Homini
553 1231 770 1269 incredulo
798 1231 913 1270 mihi.
945 1232 1016 1280 qui
1044 1235 1085 1268 te
1115 1231 1322 1268 mendacii
1351 1231 1477 1269 modo

351 1297 601 1335 Insimulavi
628 1298 744 1347 ipsus
771 1296 955 1334 mendax
983 1301 1111 1346 atque
1138 1296 1382 1346 impudens:
1412 1309 1511 1333 nam
1538 1300 1586 1333 tu

1388 1361 1477 1399 sola

351 1429 575 1466 Terrarum
602 1427 748 1477 procul
779 1427 954 1464 fulmine
983 1432 1058 1464 tuo
1084 1426 1254 1464 caelesti
1281 1427 1485 1472 concutis,

348 1493 411 1530 Tu
443 1493 579 1531 multa
604 1498 725 1542 potes
749 1492 926 1530 caelitus
952 1493 1188 1542 pertingere
1215 1492 1331 1529 milia
1356 1504 1572 1541 passuum.

837 1569 1022 1607 Cicero.

348 1635 445 1673 Heu
472 1635 586 1685 quod
612 1634 715 1672 nihil
742 1634 863 1672 nobis
888 1638 953 1671 est
980 1635 1192 1672 victimae.
1223 1633 1335 1683 quod
1363 1634 1458 1671 huic
1485 1634 1585 1672 Jovi

349 1700 624 1738 Immolemus
640 1703 647 1738 1

746 1770 1083 1809 Hermannus.

646 1836 763 1874 Nihil
780 1849 899 1886 opus,
919 1836 1000 1873 mei
1019 1834 1156 1873 amici.
1204 1835 1316 1881 Quin
1331 1835 1584 1885 consurgitis

348 1902 498 1940 Ocius?
562 1901 702 1939 Homo
735 1914 828 1938 sum
856 1914 930 1938 nec
953 1901 1182 1950 quicquam
1201 1901 1245 1937 in
1272 1913 1336 1937 me
1354 1900 1488 1937 divini
1519 1904 1582 1937 est

1191 1965 1390 2003 numinis.

830 2036 1016 2075 Cicero.

346 2103 374 2141 J
377 2103 547 2153 uppiter
562 2107 673 2140 certe
691 2108 763 2140 aut
782 2102 894 2140 Mars
911 2106 985 2140 aut
1003 2102 1203 2148 Quirinus
1219 2101 1285 2139 ille
1301 2114 1344 2138 es
1362 2101 1582 2139 Romulus.

754 2184 1091 2222 Hermannus.

348 2251 618 2294 Hermannus
639 2263 715 2299 ego
739 2261 844 2295 sum,
869 2263 978 2288 unus
1001 2250 1240 2299 principum
1261 2254 1305 2286 et
1326 2249 1484 2287 ducum

1187 2314 1449 2359 Germaniae,

347 2382 487 2419 Homo
515 2380 716 2419 mortalis.
744 2379 973 2418 immortali
1000 2381 1166 2430 ingenio
1191 2379 1422 2430 praeditus.
