1756 2671
345 102 386 137 12
625 100 884 131 FRISCHLINVS‚
911 99 1040 127 JVLIVS
1061 99 1272 129 REDIVIVVS.
1308 100 1328 131 Ι,
1348 100 1371 126 1.

422 211 519 250 Non
550 212 689 250 dicam
719 211 923 256 cursibus,
956 211 1028 248 sed
1060 223 1188 260 prope
1220 210 1409 248 victoriis

424 277 664 314 Illustratas
694 276 836 321 fuisse,
870 288 998 325 quam
1030 275 1202 313 alberius
1233 275 1351 313 ducis

341 352 392 377 ‘225
422 342 638 391 Peragrari
669 341 863 391 passibus
893 342 1143 390 potuissent.

940 417 1132 455 Caesar.

1180 481 1374 520 Hercule.

943 558 1128 597 Cicero.

421 624 629 674 Equidem
661 637 725 662 res
754 637 899 662 omnes
927 628 1170 662 exterarum
1199 624 1403 674 gentium,

420 690 573 728 Omnia
602 689 929 727 clarissimorum
960 702 1104 739 regum
1134 688 1322 727 facinora

418 755 522 793 Cum
554 754 678 792 rebus
708 768 733 792 a
762 759 802 792 te
833 754 1001 792 fortiter
1029 754 1158 804 gestis
1186 766 1322 803 neque

418 820 749 858 Contentionum
778 821 965 870 ipsarum
996 819 1287 869 magnitudine

335 896 390 920 230
415 885 562 935 Neque
593 885 807 923 celeritate
839 884 1089 923 conficiendi
1120 897 1254 934 neque
1285 884 1366 922 alio

415 950 508 988 Vllo
540 950 664 988 modo
695 954 873 1000 possunt-
902 950 1094 988 conferri.

933 1038 1125 1076 Caesar.

508 1151 511 1154 ,
1147 1102 1223 1141 Sat
1252 1102 1401 1140 habeo.

414 1169 525 1207 Nam
556 1170 598 1206 in
629 1169 786 1219 judicio
818 1174 905 1213 tuo,
940 1168 1053 1218 quod
1082 1181 1171 1206 esse
1203 1167 1511 1218 amplissimum

413 1234 538 1280 Novi,
570 1234 689 1272 facile
721 1235 953 1283 acquiesco,
986 1234 1042 1271 mi
1074 1234 1210 1271 Marce
1242 1233 1396 1272 Cicero.

414 1299 495 1338 Sed
522 1300 694 1337 interim
723 1299 825 1337 dum
855 1300 957 1337 istos
987 1312 1199 1336 sermones
1227 1298 1454 1343 caedimus,

332 1375 383 1399 235
414 1365 570 1403 Parum
599 1365 905 1415 progredimur.

938 1436 1122 1474 Cicero.

927 1501 1193 1538 Festinemus
1222 1499 1429 1538 nonnihil.

929 1590 1123 1627 Caesar.

412 1654 500 1704 Ego
532 1654 722 1692 vitiferos
752 1654 878 1691 colles
908 1654 973 1692 hic
1004 1655 1226 1704 prospicio.

935 1742 1120 1780 Cicero.

1281 1806 1491 1845 Vbinam?

931 1872 1124 1911 Caesar.

411 1937 462 1976 In
493 1938 569 1976 hac
603 1938 712 1975 valle
743 1938 883 1976 obvia.
944 1938 1078 1976 Viden
1090 1939 1102 1975 ’ἔ

934 2026 1119 2064 Cicero.

1143 2091 1377 2129 Hominum
1407 2090 1550 2135 fidem,

410 2156 523 2203 Quot
555 2157 715 2196 vineae,
749 2161 853 2206 quot
883 2156 1007 2194 colles
1039 2156 1220 2194 vitiferi!
1252 2156 1368 2201 cedo,

408 2222 467 2260 Mi
486 2221 649 2267 Caesar,
672 2222 743 2271 qui
763 2221 908 2271 populi
929 2221 993 2259 hic
1015 2221 1214 2259 habitant
1224 2222 1237 2258 ’ἔ
1261 2222 1435 2271 quinam
1454 2220 1641 2258 incolae?

929 2298 1122 2336 Caesar.

328 2374 384 2398 240
411 2363 527 2401 Haec
557 2363 649 2401 loca
679 2362 894 2401 Gallorum
925 2364 1081 2412 posteri
1113 2362 1363 2413 Tectosages
