1722 2663
97 827 165 851 1335

96 1831 165 1856 1345

98 2157 172 2181 1350

370 104 629 134 FRffiCHLlNVS,
650 103 778 130 JVLIVS
799 103 1014 133 REDIVIVVS.
1044 103 1089 132 lll.
1110 103 1131 129 l.
1343 105 1409 140 105

658 214 706 252 Oi
719 227 739 252 c
750 227 771 252 e
780 226 845 252 ro.

1007 278 1193 328 Vterque
1217 278 1382 328 Hippo-

948 348 1099 381 crates.

627 433 659 470 E
669 446 693 471 o
703 433 728 470 b
739 446 763 470 a
772 446 798 470 n
809 446 833 469 u
844 446 876 470 s,

205 498 317 544 Quid
346 498 596 537 Scheccius?

658 587 737 624 Cic
748 600 843 624 ero.

654 652 772 689 Alter
805 651 1066 689 Aristoteles,
1104 651 1209 688 alter
1244 651 1382 689 Plato.

626 751 658 787 E
669 764 693 789 o
702 751 728 788 b
739 764 760 788 a
771 764 798 788 n
808 764 833 787 u
843 764 875 788 s.

206 816 317 862 Quid
346 815 506 854 Hizleii
536 818 671 854 oratio
702 816 752 854 de
784 816 817 853 F
821 817 918 854 uxio
935 818 944 853 ἲ

660 916 845 953 Cicero.

1005 981 1112 1018 Mea.

629 1069 879 1108 Eobanus

209 1134 264 1172 Et
293 1135 396 1185 quid
414 1135 646 1173 Academia
675 1135 775 1173 haec
805 1138 940 1173 nova?
971 1135 1083 1182 Quid
1104 1138 1340 1172 conventus
1366 1135 1409 1171 in

206 1199 296 1238 Hoc
333 1200 505 1250 templo,
544 1200 658 1250 quod
692 1200 818 1238 modo
852 1201 1180 1250 frequentarunt
1215 1205 1280 1237 tot
1316 1200 1410 1243 viri,

205 1265 356 1303 Priscis
385 1265 640 1316 imaginibus
670 1266 769 1304 clari
803 1270 931 1316 atque
963 1265 1135 1310 nobiles

204 1330 286 1368 Tot
314 1331 544 1369 venerandi
573 1335 729 1381 patres,
761 1335 827 1369 tot
855 1331 1080 1381 praesules.

206 1395 288 1433 Tot
321 1397 428 1434 sacri
463 1397 690 1436 antistites,
727 1401 794 1434 tot
828 1398 982 1434 summi
1017 1397 1217 1441 rhetores,

205 1461 287 1499 Tot
314 1461 504 1499 homines
532 1461 672 1512 legum
699 1468 743 1499 et
771 1462 875 1510 juris
903 1462 1216 1506 consultissimi,

205 1526 286 1564 Tot
313 1526 476 1572 medici,
506 1531 572 1565 tot
599 1527 905 1573 mathematici,
935 1531 1001 1565 tot
1029 1528 1189 1571 musici,

204 1591 286 1629 Tot
317 1591 523 1642 discipuli,
557 1605 706 1642 genere
738 1597 781 1629 et
814 1593 972 1630 virtute
1005 1592 1189 1630 nobiles?

660 1691 844 1729 Cicero.

204 1755 308 1806 Ego,
341 1756 529 1802 Eobane,
561 1756 663 1794 mihi
695 1757 810 1794 visus
833 1770 927 1794 sum
952 1757 1156 1794 versarier

205 1820 257 1859 In
287 1817 426 1859 medio
458 1821 642 1860 Socratis
672 1820 838 1871 Lycaeo
872 1822 985 1872 apud
1017 1822 1197 1859 Atticos.

204 1885 317 1925 Nam
349 1887 422 1936 qui
452 1887 669 1936 peroravit
701 1891 791 1925 tam
822 1887 1039 1936 splendide
1072 1891 1115 1924 et
1147 1886 1330 1924 dilucide

205 1951 267 1989 De
298 1951 449 1990 studiis
478 1951 687 1996 literariis,
720 1952 770 1990 de
801 1952 946 1993 literis,

204 2016 268 2054 De
299 2018 493 2067 ingenuis
524 2016 699 2062 artibus,
732 2017 783 2055 de
816 2021 1009 2056 veterum
1038 2018 1118 2055 illis
1150 2017 1315 2056 scholis,

207 2081 429 2131 Byzantio,
462 2082 653 2127 Athenis,
688 2082 837 2127 Roma,
872 2083 1044 2133 Beryto,
1078 2083 1243 2127 Rhodo,

208 2146 249 2184 Is
277 2146 381 2184 mihi
408 2160 495 2185 non
523 2146 770 2191 Germanus,
801 2148 874 2185 sed
904 2148 1096 2186 Rhodius
1124 2152 1167 2185 et

208 2211 363 2250 Rhodii
392 2212 571 2250 Molonis
600 2213 912 2263 condiscipulus
943 2214 1058 2251 visus
1086 2217 1164 2250 est.

630 2299 664 2336 Ε
674 2313 698 2338 0
708 2300 733 2337 b
743 2314 767 2337 a
777 2314 803 2338 n
813 2313 837 2337 u
848 2314 880 2338 S.

208 2364 264 2402 Et
296 2364 399 2402 mihi
430 2365 593 2403 itidem.
