1756 2671
295 355 333 379 60

296 680 330 704 65

293 1006 330 1030 ΤΟ

436 103 654 133 PROLOGVS.
691 103 953 135 FRISCHLINVS,
984 104 1113 131 ,IVLIVS
1133 103 1346 134 REDIVIVVS.
1384 105 1402 135 1,
1427 106 1448 131 l.

361 213 483 252 Nunc
516 213 617 263 quid
646 218 797 263 poetae
829 215 996 252 nomine
1028 218 1169 251 oratos
1201 213 1340 259 veiim,

361 279 603 317 Attendite:
638 279 673 316 si
705 291 829 328 quem
861 278 928 316 ille
962 278 1028 316 vel
1058 279 1101 316 in
1131 278 1286 316 fabulis
1318 278 1385 316 vel
1415 279 1459 316 in

363 343 636 383 Orationibus
666 344 787 381 laesit
819 343 990 389 malum,
1023 343 1133 381 hunc
1165 348 1322 389 monet,

363 409 405 447 Si
435 408 572 447 malus
600 412 677 454 est,
710 412 758 446 ut
789 408 963 446 tandem
994 408 1129 447 malus
1158 421 1248 446 esse
1278 408 1466 454 desinat-;

361 474 403 512 Si
435 474 583 511 bonus.
618 477 665 511 ut
699 473 812 523 quod
842 473 1007 511 dictum
1038 474 1081 511 in
1111 474 1303 512 homines
1334 473 1417 511 fuit
1449 473 1595 519 malos,

361 539 413 576 Id
442 539 498 576 ad
527 552 569 576 se
599 539 808 588 pertinere
840 552 925 576 non
953 539 1113 576 credat.
1173 539 1383 588 Equidem

362 604 727 654 Reprehensiones
757 604 864 641 ferre
896 608 1086 653 possunt,
1120 605 1191 653 qui
1222 604 1321 641 boni

360 668 481 714 Sunt,
513 670 585 718 qui
614 669 727 714 mali,
758 682 842 707 non
871 673 1062 719 possunt.
1121 669 1277 707 Verum
1304 669 1406 707 haec
1436 669 1595 709 fabula.

362 734 418 773 Vt
450 734 551 779 dixi,
584 735 627 771 in
657 734 825 772 laudem
856 735 1097 784 conscripta
1127 739 1189 772 est
1222 734 1486 772 Germaniae.

361 799 442 845 Qui
471 799 609 837 bonus
637 803 714 845 est,
744 800 778 837 is
807 800 857 837 de
888 800 1047 837 virtute
1077 812 1153 838 sua
1181 799 1378 849 gaudeat,

361 865 443 911 Qui
474 864 610 902 malus
639 868 717 910 est,
749 865 784 902 is
814 864 982 902 laudem
1014 865 1221 903 bonorum
1253 865 1308 902 ad
1337 877 1379 902 se
1411 864 1514 902 nihil

360 929 460 968 Jam
493 930 702 979 pertinere.
735 930 916 968 noverit.
979 930 1101 976 Quod
1135 929 1344 979 reliquum
1376 934 1454 975 est,

360 995 523 1032 Animis
553 995 696 1033 adeste
728 996 872 1045 aequis
901 999 944 1033 et
974 1009 1070 1033 cum
1101 995 1281 1035 silentio,

359 1060 414 1098 Vt
449 1060 550 1109 quid
581 1060 723 1098 Cicero
753 1065 795 1098 et
826 1060 978 1099 Caesar
1008 1061 1107 1099 novi
1137 1060 1334 1105 afferant,

361 1126 537 1163 Possitis
569 1138 830 1175 cognoscere.
893 1126 981 1175 Ego
1015 1130 1203 1164 revertar
1234 1126 1276 1163 in
1307 1126 1459 1164 forum.

359 1190 414 1229 Vt
447 1190 528 1228 illic
560 1192 742 1240 praesim
772 1190 1000 1235 mereibus;
1033 1192 1067 1228 si
1098 1192 1192 1240 quis
1221 1204 1349 1240 opera

359 1256 453 1293 Mea
484 1256 591 1294 forte·
622 1255 827 1306 indigebit
858 1257 902 1293 in
932 1256 1010 1294 hoc
1041 1257 1300 1306 proscaenio,

297 1332 324 1356 ῖ·
360 1321 489 1366 Faxo,
524 1334 574 1359 ne
606 1334 730 1371 opem
763 1335 902 1360 meam
933 1321 1091 1359 frustra
1122 1321 1426 1371 imploraverit.

359 1386 545 1425 Tantum
573 1390 650 1424 est.
707 1386 873 1424 Valete.
930 1386 1085 1424 Adeste
1114 1400 1210 1425 cum
1238 1386 1418 1424 silentio.

686 1613 860 1653 ACTVS
892 1614 925 1652 I.
985 1614 1205 1653 SCAENA
1236 1614 1269 1652 1.

768 1702 962 1741 Caesar.
995 1702 1166 1741 Cicero

880 1825 1074 1863 Caesar.

360 1889 524 1939 Magnis
554 1889 715 1927 diurnis
744 1891 1046 1939 nocturnisque
1077 1889 1300 1928 itineribus

361 1954 411 1992 In
442 1954 554 1992 1111110
586 1954 724 1993 10011111
754 1955 1062 2001 contendimus,
1095 1956 1233 1993 Marce
1265 1955 1420 1994 Cicero.

883 2038 1068 2076 Cicero.

362 2101 452 2152 Ego
482 2102 688 2140 mehercle
719 2103 807 2151 jam
837 2102 1096 2153 defatigatus
1127 2103 1256 2141 animi

362 2167 416 2204 Et
448 2167 634 2216 corporis
664 2167 879 2206 laboribus
909 2169 1032 2217 cupio
1063 2181 1214 2218 parum

361 2232 594 2278 Quiescere.
654 2232 809 2271 Verum
840 2234 1020 2272 occurrit
1053 2232 1177 2271 subin
1207 2232 1367 2282 aliquid
1398 2233 1510 2278 novi,

361 2297 484 2343 Quod
514 2310 578 2335 me
609 2297 821 2336 defessum
850 2302 1007 2336 recreet
1038 2302 1167 2348 atque
1199 2298 1375 2336 reficiat.

360 2362 472 2400 Nam
503 2367 568 2401 t-ot
599 2364 917 2402 amoenissimas
947 2363 1084 2409 urbes,
1117 2368 1181 2402 tot
1213 2363 1371 2413 oppida
