1722 2663
94 287 168 311 1140

96 1186 166 1210 1115

101 1707 174 1733 1150

105 2303 172 2329 1155

370 98 622 130 FRISCHLINVS
641 98 773 126 ,IVLIVS
798 97 1016 128 REDIVIVVS.
1046 97 1086 127 11.,
1107 98 1131 122 4.
1363 97 1408 132 93

202 210 434 248 Germanos
471 209 628 247 auxilio
665 209 889 246 accersitos
926 221 949 245 a
987 206 1138 257 Belgis,
1178 207 1409 256 Hispaniae

206 276 363 326 Regem
394 287 569 325 magnas
600 274 807 312 adducere
838 274 981 322 copias
1011 274 1052 310 in
1087 272 1290 322 Belgium.

612 357 946 394 Hermannus.

1085 420 1179 459 Cur.
1212 420 1383 458 obsecro
1398 421 1407 457 ἒ

674 504 785 542 Allo
795 504 821 541 b
830 517 881 541 ro
891 515 930 541 X.

203 571 312 617 Quia
328 571 493 615 metuit,
513 582 577 615 ne,
600 571 633 608 si
650 582 761 607 nova
778 582 928 607 manus
943 582 1038 606 cum
1052 567 1265 605 veteribus
1280 568 1411 617 copiis

202 636 252 675 Se
283 636 529 685 conjungat,
562 635 699 672 minus
730 635 865 672 resisti
896 634 1041 683 possit.

638 717 970 754 Hermannus.

1026 781 1209 832 Nugaris
1239 780 1383 830 probe.

706 847 899 885 Caesar.

204 913 279 951 Est
308 918 419 951 certe
448 912 631 951 Gallicae
660 913 736 949 hoc
766 911 1096 957 consuetudinis,
1128 916 1173 948 ut
1206 912 1411 949 viatorem

951 977 1132 1014 invicem

203 1043 365 1094 Cogant
403 1043 630 1081 consistere
668 1044 711 1080 in
750 1043 818 1080 via
856 1042 921 1079 vel
958 1043 1143 1079 invitum
1180 1046 1220 1078 et
1260 1041 1411 1091 cupide

952 1107 1183 1145 admodum

206 1173 329 1220 Quod
365 1175 542 1223 quisque
578 1186 723 1211 eorum
760 1173 810 1210 de
849 1185 889 1209 re
920 1186 1088 1222 quaque
1125 1172 1305 1210 audierit
1339 1176 1414 1210 aut·

952 1238 1199 1287 cognoverit

206 1303 423 1350 Quaerant
464 1308 505 1341 et
553 1307 806 1341 mercatores
849 1303 1000 1353 vulgus
1042 1303 1326 1341 circumsistat
1372 1304 1413 1340 in

951 1369 1118 1418 oppidis

207 1434 370 1481 Quibus
412 1447 465 1472 ex
510 1434 749 1484 regionibus
794 1435 965 1471 veniant
1012 1439 1052 1471 et
1100 1446 1204 1483 quas
1248 1433 1304 1471 ibi
1351 1446 1413 1470 res

952 1501 1228 1550 cognoverint

208 1565 488 1604 Pronuntiare
519 1570 672 1616 cogant
706 1569 834 1614 atque
866 1564 931 1602 his
962 1566 1142 1615 permoti
1174 1564 1414 1602 rumoribus

208 1631 271 1668 De
301 1632 476 1669 summis
505 1643 628 1680 saepe
653 1630 778 1668 rebus
802 1630 976 1669 consilia
1009 1632 1152 1668 ineant
1188 1629 1414 1679 improvidi

209 1696 426 1741 Homines,
479 1709 658 1746 quorum
708 1697 821 1746 ipsos
870 1696 1084 1745 paenitere
1135 1708 1300 1733 necesse
1350 1702 1412 1732 est

954 1773 974 1797 e
1007 1762 1197 1810 vestigio.

208 1826 313 1865 Cum
346 1826 517 1864 incertis
551 1827 740 1864 servia-nt·
774 1825 1064 1864 auditionibus
1098 1831 1139 1863 et
1178 1825 1417 1863 rumoribus

208 1891 266 1930 Et
296 1891 396 1930 ficta
425 1892 614 1941 plerique
646 1891 700 1929 ad
731 1892 997 1929 voluntatem
1028 1892 1216 1941 ipsorum
1246 1903 1415 1940 respon-

981 1956 1125 1994 deant.

642 2033 977 2071 Hermannus.

210 2096 334 2148 Vulgi
375 2102 438 2135 est
483 2098 584 2136 haec
628 2098 792 2144 levitas,
839 2111 967 2148 quam
1010 2098 1077 2135 lex
1120 2098 1208 2136 lata
1250 2097 1417 2147 publice

956 2165 1042 2213 jam
1074 2162 1261 2201 sustulit.

210 2227 322 2266 Nam
340 2227 582 2267 Gallicanae
601 2230 809 2275 civitates,
832 2242 938 2279 quae
958 2242 1077 2267 suam
1098 2242 1185 2266 rem
1203 2227 1417 2278 publicam

211 2292 483 2332 Commodius
509 2294 823 2339 administrant,
852 2293 1015 2344 legibus
1041 2295 1253 2331 sancitum
1279 2293 1417 2331 isthuc

961 2359 1139 2397 habent:
