1722 2663
251 123 296 158 70
529 121 789 152 FRISCHLINVS,
809 120 936 147 JVLIVS
958 119 1171 150 REDWWVS.
1208 120 1240 151 11,
1265 122 1290 148 3.

850 229 1043 267 Caesar.

334 298 489 347 Papae,
517 301 581 334 tot
611 297 731 333 annis
758 295 983 344 imperium
1010 298 1217 332 terrarum
1245 294 1444 333 Germani

1104 359 1298 397 obtinent
1316 363 1322 397 !

782 453 1117 490 Hermannus.

336 519 465 557 Haud
494 518 775 569 paucioribus,
807 531 907 555 nam
936 519 1007 567 qui
1037 531 1147 555 nunc
1178 531 1316 556 rerum
1346 532 1512 556 summa

1107 584 1150 620 in
1179 583 1407 621 Germania

337 650 517 695 Potitus,
539 650 713 698 quintus
730 653 773 686 et
792 648 1139 698 quadragesimus
1157 648 1221 686 hic
1240 650 1471 698 imperator
1486 654 1565 687 est.

336 715 402 752 Ad
430 714 541 752 huno
570 714 682 751 enim
711 727 878 751 summa
908 713 1128 751 voluntate
1158 715 1347 752 omnium

1108 781 1413 828 septemvirum

259 856 314 881 920
339 846 508 894 Imperii
536 845 720 895 dignitas
748 844 884 882 adhuc
912 850 1032 893 patre
1062 845 1159 881 vivo
1187 844 1389 882 devoluta
1414 844 1510 882 fuit.

854 955 1046 992 Caes-ar.

338 1022 571 1059 Hominum
599 1021 741 1065 fidem,
774 1033 880 1069 quae
910 1025 1033 1057 tanta
1061 1033 1199 1059 rerum
1226 1020 1342 1058 fac-ta.
1369 1025 1430 1058 est

1107 1086 1387 1123 commutatio
1403 1089 1410 1123 ἲ

783 1180 1117 1217 Hermannus.

337 1245 505 1283 Fatales
535 1250 646 1290 sunt,
681 1245 841 1290 Caesar,
875 1245 1168 1282 conversiones
1196 1244 1482 1294 imperiorum.

854 1355 1047 1393 Caesar.

1389 1421 1458 1458 Ita
1488 1425 1567 1458 est.

784 1486 1119 1523 Hernlannus.

337 1552 448 1589 Nam
477 1551 580 1589 deus
607 1556 684 1596 est,
716 1552 787 1600 qui
816 1550 979 1588 stabilit
1005 1554 1050 1588 et,
1078 1550 1279 1589 transfert
1308 1552 1497 1600 imperia.

1112 1615 1236 1653 inodo
1268 1616 1355 1662 hos,

338 1681 464 1719 Modo
496 1681 587 1719 illos
619 1682 825 1731 supremis
856 1682 1019 1730 imperii
1050 1681 1346 1731 gubernaculis
1376 1685 1419 1719 et

1111 1747 1247 1796 regnis
1278 1746 1523 1784 admovens.

259 1824 312 1847 925
339 1812 418 1850 Hie
450 1824 514 1849 res
543 1811 751 1849 humanas
782 1824 856 1861 pro
887 1811 1010 1849 libitu
1041 1824 1115 1849 suo
1145 1811 1375 1861 dispensat,
1408 1811 1473 1849 hic

1111 1877 1279 1926 premit.

340 1943 420 1980 Hic
452 1942 575 1982 tollit.
610 1956 714 1992 quos
746 1942 856 1980 vult:
889 1955 988 1980 nam
1018 1943 1130 1980 solus
1160 1932 1247 1993 agit
1277 1942 1418 1980 libere.

817 2053 1009 2091 Caesar.

1295 2118 1411 2156 Dicis
1440 2118 1571 2168 probe

341 2184 398 2222 Et,
427 2196 536 2221 vere.
583 2183 694 2221 Nam
720 2188 929 2233 quantum
951 2196 1048 2221 eum
1078 2184 1121 2220 in
1150 2184 1264 2221 omni
1294 2196 1336 2220 re
1358 2188 1450 2221 tum
1474 2196 1571 2221 vero

1113 2250 1295 2286 maxime

341 2314 393 2351 In
421 2314 598 2363 imperio
627 2313 800 2351 fortuna
831 2315 977 2363 possit,
1011 2313 1053 2351 id
1085 2314 1188 2351 meis
1217 2313 1496 2351 incommodis

343 2379 519 2429 Egomet
551 2378 807 2416 documento
838 2391 944 2416 sum.
