1722 2663
238 107 302 140 114
513 103 776 135 Fmscfflmvs,
794 102 923 130 Jvmvs
942 102 1158 132 nfinivlvvs.
1186 103 1231 135 111,
1249 104 1274 131 2.

800 213 984 252 Cicero.

235 292 308 316 1450
345 280 470 319 Hunc
500 281 760 329 optimorum
792 291 991 317 versuum
1015 292 1238 317 numerum
1263 280 1367 318 dicit
1398 279 1464 318 hic
1497 293 1556 318 ex

1115 349 1319 394 tempore.

795 409 990 447 Caesar.

345 475 496 522 Qualia
513 480 613 512 sunt
630 476 770 525 igitur,
793 487 899 524 quae
919 479 1113 512 accurate
1133 474 1304 513 scribit?

801 540 986 578 Cicero.

1441 605 1554 652 Quid

1095 671 1262 708 censes?
1310 669 1401 721 Ego

345 736 410 775 Sic
442 749 492 774 ea
522 735 668 786 probo,
708 739 755 773 ut
788 736 842 773 ad
874 740 1067 773 veterum
1098 737 1352 785 scriptorum
1383 736 1558 775 l'audem

1092 801 1357 850 perveniant.

784 867 978 904 Caesar.

1401 931 1557 970 Probe-

803 997 988 1035 Cicero.

350 1063 403 1101 Et
434 1063 545 1100 hunc
576 1075 661 1100 non
686 1062 860 1111 diligas?
891 1061 990 1100 Non
1021 1062 1263 1100 admireris?
1305 1062 1404 1101 Non
1438 1064 1556 1102 omm'

1281 1128 1407 1166 modo

351 1193 656 1231 Exornandum
677 1193 825 1243 putes?

800 1258 994 1296 Caesar.

818 1323 955 1361 Immo
973 1323 1190 1373 equidenr:
1212 1336 1312 1361 nam
1329 1327 1560 1373 poetarum

1285 1389 1453 1439 ingenia

243 1467 312 1491 1455
351 1455 525 1505 Semper
547 1459 670 1505 grata
693 1454 807 1492 fuere
833 1453 1173 1504 imperatoribus.

807 1519 992 1557 Cicero.

1178 1584 1235 1622 Et
1260 1586 1412 1623 merito
1421 1598 1431 1632 ;
1457 1598 1562 1623 nam?

1102 1651 1181 1688 nisi

352 1717 420 1755 Ad
440 1729 504 1754 res
525 1720 665 1767 gestas
680 1716 853 1754 accedat
874 1715 1019 1754 lumen
1038 1715 1290 1761 litterarum,
1303 1719 1395 1753 tum
1416 1716 1566 1753 omnia

352 1782 507 1821 Jacent
536 1783 580 1819 in
609 1780 808 1819 tenebris.

803 1846 998 1885 Casear.

803 1911 999 1950 Demiror
1044 1911 1248 1961 profecto,
1297 1911 1408 1949 unde
1455 1911 1564 1949 haec

1104 1976 1353 2015 Germaniae

353 2043 550 2081 Felicitas
573 2044 617 2081 in
635 2043 809 2089 litteris3
826 2055 926 2080 nam
949 2042 1049 2080 olim
1064 2043 1155 2080 vita
1173 2043 1310 2080 omnis
1318 2041 1563 2080 Teutonum

354 2108 406 2147 In
425 2108 577 2146 studiis
597 2121 737 2146 rerum
757 2107 1006 2146 militarium
1025 2111 1069 2145 et
1088 2109 1132 2145 in
1151 2106 1451 2145 venationibus

245 2186 319 2210 1460
354 2173 391 2212 A
421 2173 611 2224 parvulis
643 2173 813 2211 duritiei
846 2172 1079 2211 studebant
1111 2186 1158 2210 ac
1192 2171 1422 2210 laboribus,

810 2238 995 2277 Cicero.

355 2304 444 2350 Pol,
475 2303 640 2343 Caesar.
694 2304 737 2343 Si
767 2308 816 2342 tu
845 2316 921 2353 pro
951 2306 1041 2349 tuo,
1074 2303 1189 2353 quod
1217 2303 1452 2353 inspexisti,
1483 2306 1536 2341 ut

1094 2367 1288 2407 arbitror.
