<?xml version="1.0" encoding="UTF-8"?>
<!DOCTYPE html PUBLIC "-//W3C//DTD XHTML 1.0 Transitional//EN"
    "http://www.w3.org/TR/xhtml1/DTD/xhtml1-transitional.dtd">
<html xmlns="http://www.w3.org/1999/xhtml" xml:lang="en" lang="en">
 <head>
  <title>
</title>
<meta http-equiv="Content-Type" content="text/html;charset=utf-8" />
  <meta name='ocr-system' content='tesseract 3.04.00' />
  <meta name='ocr-capabilities' content='ocr_page ocr_carea ocr_par ocr_line ocrx_word'/>
</head>
<body>
  <div class='ocr_page' id='page_1' title='image "./jvlivsredivivvs00frisuoft_0197.png"; bbox 0 0 1722 2663; ppageno 0'>
   <div class='ocr_carea' id='block_1_1' title="bbox 111 299 179 324">
    <p class='ocr_par' dir='ltr' id='par_1_1' title="bbox 111 299 179 324">
     <span class='ocr_line' id='line_1_1' title="bbox 111 299 179 324; baseline 0.015 -1"><span class='ocrx_word' id='word_1_1' title='bbox 111 299 179 324; x_wconf 77' lang='lat'>1255</span> 
     </span>
    </p>
   </div>
   <div class='ocr_carea' id='block_1_2' title="bbox 106 801 180 826">
    <p class='ocr_par' dir='ltr' id='par_1_2' title="bbox 106 801 180 826">
     <span class='ocr_line' id='line_1_2' title="bbox 106 801 180 826; baseline -0.014 0"><span class='ocrx_word' id='word_1_2' title='bbox 106 801 180 826; x_wconf 75' lang='lat'>1260</span> 
     </span>
    </p>
   </div>
   <div class='ocr_carea' id='block_1_3' title="bbox 106 1619 176 1644">
    <p class='ocr_par' dir='ltr' id='par_1_3' title="bbox 106 1619 176 1644">
     <span class='ocr_line' id='line_1_3' title="bbox 106 1619 176 1644; baseline 0 -1"><span class='ocrx_word' id='word_1_3' title='bbox 106 1619 176 1644; x_wconf 79' lang='lat'>1265</span> 
     </span>
    </p>
   </div>
   <div class='ocr_carea' id='block_1_4' title="bbox 104 2109 177 2134">
    <p class='ocr_par' dir='ltr' id='par_1_4' title="bbox 104 2109 177 2134">
     <span class='ocr_line' id='line_1_4' title="bbox 104 2109 177 2134; baseline -0.014 0"><span class='ocrx_word' id='word_1_4' title='bbox 104 2109 177 2134; x_wconf 74' lang='lat'>1270</span> 
     </span>
    </p>
   </div>
   <div class='ocr_carea' id='block_1_5' title="bbox 386 109 1420 145">
    <p class='ocr_par' dir='ltr' id='par_1_5' title="bbox 386 109 1420 145">
     <span class='ocr_line' id='line_1_5' title="bbox 386 109 1420 145; baseline -0.006 -5"><span class='ocrx_word' id='word_1_5' title='bbox 386 111 648 143; x_wconf 63' lang='lat' dir='ltr'>FRisci-luxvs,</span> <span class='ocrx_word' id='word_1_6' title='bbox 668 111 796 139; x_wconf 73' lang='lat' dir='ltr'>Jvmvs</span> <span class='ocrx_word' id='word_1_7' title='bbox 816 109 1029 140; x_wconf 74' lang='lat' dir='ltr'>REDlvwvs.</span> <span class='ocrx_word' id='word_1_8' title='bbox 1057 111 1101 141; x_wconf 78' lang='grc'>111,</span> <span class='ocrx_word' id='word_1_9' title='bbox 1123 111 1147 140; x_wconf 80' lang='grc'>1,</span> <span class='ocrx_word' id='word_1_10' title='bbox 1360 112 1420 145; x_wconf 74' lang='lat'>101</span> 
     </span>
    </p>
   </div>
   <div class='ocr_carea' id='block_1_6' title="bbox 218 222 1155 338">
    <p class='ocr_par' dir='ltr' id='par_1_6' title="bbox 218 222 1155 338">
     <span class='ocr_line' id='line_1_6' title="bbox 694 222 944 260; baseline 0.004 -1"><span class='ocrx_word' id='word_1_11' title='bbox 694 222 728 259; x_wconf 83' lang='lat' dir='ltr'>E</span> <span class='ocrx_word' id='word_1_12' title='bbox 738 235 761 260; x_wconf 94' lang='lat' dir='ltr'>o</span> <span class='ocrx_word' id='word_1_13' title='bbox 772 222 798 259; x_wconf 91' lang='lat' dir='ltr'>b</span> <span class='ocrx_word' id='word_1_14' title='bbox 808 236 829 259; x_wconf 82' lang='lat' dir='ltr'>a</span> <span class='ocrx_word' id='word_1_15' title='bbox 839 235 867 260; x_wconf 89' lang='grc'>11</span> <span class='ocrx_word' id='word_1_16' title='bbox 876 235 902 259; x_wconf 91' lang='lat' dir='ltr'>u</span> <span class='ocrx_word' id='word_1_17' title='bbox 913 236 944 260; x_wconf 87' lang='lat' dir='ltr'>s.</span> 
     </span>
     <span class='ocr_line' id='line_1_7' title="bbox 218 287 1155 338; baseline -0.002 -12"><span class='ocrx_word' id='word_1_18' title='bbox 218 287 329 334; x_wconf 86' lang='lat' dir='ltr'>Quid</span> <span class='ocrx_word' id='word_1_19' title='bbox 360 293 504 326; x_wconf 85' lang='lat' dir='ltr'>autem</span> <span class='ocrx_word' id='word_1_20' title='bbox 535 287 781 327; x_wconf 84' lang='lat' dir='ltr'>Sturmiana</span> <span class='ocrx_word' id='word_1_21' title='bbox 811 287 889 325; x_wconf 83' lang='lat' dir='ltr'>tibi</span> <span class='ocrx_word' id='word_1_22' title='bbox 919 287 1155 338; x_wconf 68' lang='lat' dir='ltr'>praefatio?</span> 
     </span>
    </p>
   </div>
   <div class='ocr_carea' id='block_1_7' title="bbox 216 376 1425 687">
    <p class='ocr_par' dir='ltr' id='par_1_7' title="bbox 216 376 1425 687">
     <span class='ocr_line' id='line_1_8' title="bbox 728 376 912 415; baseline -0.005 -1"><span class='ocrx_word' id='word_1_23' title='bbox 728 376 912 415; x_wconf 72' lang='lat' dir='ltr'>Cic-ero.</span> 
     </span>
     <span class='ocr_line' id='line_1_9' title="bbox 216 439 1425 492; baseline -0.002 -13"><span class='ocrx_word' id='word_1_24' title='bbox 216 442 427 491; x_wconf 84' lang='lat' dir='ltr'>Perquam</span> <span class='ocrx_word' id='word_1_25' title='bbox 457 442 644 491; x_wconf 75' lang='lat' dir='ltr'>elegans:</span> <span class='ocrx_word' id='word_1_26' title='bbox 678 455 775 479; x_wconf 87' lang='lat' dir='ltr'>nam</span> <span class='ocrx_word' id='word_1_27' title='bbox 806 455 962 492; x_wconf 82' lang='lat' dir='ltr'>magna</span> <span class='ocrx_word' id='word_1_28' title='bbox 990 442 1113 491; x_wconf 80' lang='lat' dir='ltr'>copia</span> <span class='ocrx_word' id='word_1_29' title='bbox 1146 441 1190 478; x_wconf 85' lang='lat' dir='ltr'>in</span> <span class='ocrx_word' id='word_1_30' title='bbox 1224 439 1301 477; x_wconf 84' lang='lat' dir='ltr'>hoc</span> <span class='ocrx_word' id='word_1_31' title='bbox 1334 440 1425 477; x_wconf 81' lang='lat' dir='ltr'>viro</span> 
     </span>
     <span class='ocr_line' id='line_1_10' title="bbox 216 506 1214 557; baseline -0.002 -12"><span class='ocrx_word' id='word_1_32' title='bbox 216 507 273 545; x_wconf 28' lang='lat' dir='ltr'>Et*</span> <span class='ocrx_word' id='word_1_33' title='bbox 304 508 368 545; x_wconf 80' lang='lat' dir='ltr'>vis</span> <span class='ocrx_word' id='word_1_34' title='bbox 398 507 577 553; x_wconf 73' lang='lat' dir='ltr'>dic-endi,</span> <span class='ocrx_word' id='word_1_35' title='bbox 609 506 819 557; x_wconf 84' lang='lat' dir='ltr'>liquidum</span> <span class='ocrx_word' id='word_1_36' title='bbox 850 507 1053 545; x_wconf 82' lang='lat' dir='ltr'>sermonis</span> <span class='ocrx_word' id='word_1_37' title='bbox 1082 518 1214 556; x_wconf 84' lang='lat' dir='ltr'>genus</span> 
     </span>
     <span class='ocr_line' id='line_1_11' title="bbox 216 571 1251 622; baseline -0.002 -12"><span class='ocrx_word' id='word_1_38' title='bbox 216 571 511 622; x_wconf 87' lang='lat' dir='ltr'>Gravibusque</span> <span class='ocrx_word' id='word_1_39' title='bbox 543 572 682 609; x_wconf 74' lang='lat' dir='ltr'>verbis</span> <span class='ocrx_word' id='word_1_40' title='bbox 712 572 828 610; x_wconf 78' lang='lat' dir='ltr'>culta</span> <span class='ocrx_word' id='word_1_41' title='bbox 857 577 900 610; x_wconf 81' lang='lat' dir='ltr'>et</span> <span class='ocrx_word' id='word_1_42' title='bbox 930 571 1251 622; x_wconf 73' lang='lat' dir='ltr'>sapientissimis</span> 
     </span>
     <span class='ocr_line' id='line_1_12' title="bbox 216 637 1120 687; baseline -0.001 -12"><span class='ocrx_word' id='word_1_43' title='bbox 216 637 447 676; x_wconf 76' lang='lat' dir='ltr'>Sententiis</span> <span class='ocrx_word' id='word_1_44' title='bbox 477 651 682 687; x_wconf 81' lang='lat' dir='ltr'>perquam</span> <span class='ocrx_word' id='word_1_45' title='bbox 713 638 847 687; x_wconf 86' lang='lat' dir='ltr'>polita</span> <span class='ocrx_word' id='word_1_46' title='bbox 876 642 938 675; x_wconf 77' lang='lat' dir='ltr'>est</span> <span class='ocrx_word' id='word_1_47' title='bbox 970 638 1120 676; x_wconf 85' lang='lat' dir='ltr'>oratio.</span> 
     </span>
    </p>
   </div>
   <div class='ocr_carea' id='block_1_8' title="bbox 217 725 1199 836">
    <p class='ocr_par' dir='ltr' id='par_1_8' title="bbox 217 725 1199 836">
     <span class='ocr_line' id='line_1_13' title="bbox 693 725 944 763; baseline 0.004 -1"><span class='ocrx_word' id='word_1_48' title='bbox 693 725 944 763; x_wconf 54' lang='lat' dir='ltr'>Eobanus</span> 
     </span>
     <span class='ocr_line' id='line_1_14' title="bbox 217 790 1199 836; baseline -0.001 -8"><span class='ocrx_word' id='word_1_49' title='bbox 217 790 328 836; x_wconf 84' lang='lat' dir='ltr'>Quid</span> <span class='ocrx_word' id='word_1_50' title='bbox 355 792 648 829; x_wconf 78' lang='lat' dir='ltr'>commentarii</span> <span class='ocrx_word' id='word_1_51' title='bbox 678 790 819 829; x_wconf 83' lang='lat' dir='ltr'>Wolfii</span> <span class='ocrx_word' id='word_1_52' title='bbox 850 792 893 828; x_wconf 89' lang='lat' dir='ltr'>in</span> <span class='ocrx_word' id='word_1_53' title='bbox 922 794 1018 828; x_wconf 80' lang='lat' dir='ltr'>tuos</span> <span class='ocrx_word' id='word_1_54' title='bbox 1047 790 1199 828; x_wconf 70' lang='lat' dir='ltr'>libros?</span> 
     </span>
    </p>
   </div>
   <div class='ocr_carea' id='block_1_9' title="bbox 215 879 1146 994">
    <p class='ocr_par' dir='ltr' id='par_1_9' title="bbox 215 879 1146 994">
     <span class='ocr_line' id='line_1_15' title="bbox 714 879 898 917; baseline 0 -1"><span class='ocrx_word' id='word_1_55' title='bbox 714 879 898 917; x_wconf 72' lang='lat' dir='ltr'>Cicero.</span> 
     </span>
     <span class='ocr_line' id='line_1_16' title="bbox 215 944 1146 994; baseline -0.001 -12"><span class='ocrx_word' id='word_1_56' title='bbox 215 944 344 991; x_wconf 83' lang='lat' dir='ltr'>Tersi,</span> <span class='ocrx_word' id='word_1_57' title='bbox 376 945 503 991; x_wconf 73' lang='lat' dir='ltr'>docti,</span> <span class='ocrx_word' id='word_1_58' title='bbox 536 946 761 994; x_wconf 72' lang='lat' dir='ltr'>sapientes,</span> <span class='ocrx_word' id='word_1_59' title='bbox 794 949 843 982; x_wconf 82' lang='lat' dir='ltr'>ut</span> <span class='ocrx_word' id='word_1_60' title='bbox 872 944 976 982; x_wconf 88' lang='lat' dir='ltr'>nihil</span> <span class='ocrx_word' id='word_1_61' title='bbox 1006 956 1146 993; x_wconf 83' lang='lat' dir='ltr'>supra.</span> 
     </span>
    </p>
   </div>
   <div class='ocr_carea' id='block_1_10' title="bbox 216 1034 1421 1151">
    <p class='ocr_par' dir='ltr' id='par_1_10' title="bbox 216 1034 1421 1151">
     <span class='ocr_line' id='line_1_17' title="bbox 676 1034 926 1072; baseline 0 -2"><span class='ocrx_word' id='word_1_62' title='bbox 676 1034 926 1072; x_wconf 82' lang='lat' dir='ltr'>Eobanus.</span> 
     </span>
     <span class='ocr_line' id='line_1_18' title="bbox 216 1096 1421 1151; baseline -0.002 -14"><span class='ocrx_word' id='word_1_63' title='bbox 216 1099 328 1146; x_wconf 85' lang='lat' dir='ltr'>Quid</span> <span class='ocrx_word' id='word_1_64' title='bbox 351 1099 543 1148; x_wconf 83' lang='lat' dir='ltr'>ejusdem</span> <span class='ocrx_word' id='word_1_65' title='bbox 561 1099 792 1136; x_wconf 63' lang='lat' dir='ltr'>Isocrates?</span> <span class='ocrx_word' id='word_1_66' title='bbox 829 1098 939 1145; x_wconf 89' lang='lat' dir='ltr'>Quid</span> <span class='ocrx_word' id='word_1_67' title='bbox 966 1099 1069 1136; x_wconf 80' lang='lat' dir='ltr'>item</span> <span class='ocrx_word' id='word_1_68' title='bbox 1088 1096 1421 1151; x_wconf 61' lang='lat' dir='ltr'>Demosthenes?</span> 
     </span>
    </p>
   </div>
   <div class='ocr_carea' id='block_1_11' title="bbox 214 1180 1367 1363">
    <p class='ocr_par' dir='ltr' id='par_1_11' title="bbox 214 1180 1367 1363">
     <span class='ocr_line' id='line_1_19' title="bbox 724 1180 909 1219; baseline -0.005 0"><span class='ocrx_word' id='word_1_69' title='bbox 724 1180 909 1219; x_wconf 74' lang='lat' dir='ltr'>Cicero.</span> 
     </span>
     <span class='ocr_line' id='line_1_20' title="bbox 214 1245 1367 1297; baseline -0.003 -12"><span class='ocrx_word' id='word_1_70' title='bbox 214 1247 308 1285; x_wconf 87' lang='lat' dir='ltr'>Vah</span> <span class='ocrx_word' id='word_1_71' title='bbox 340 1246 443 1296; x_wconf 89' lang='lat' dir='ltr'>quid</span> <span class='ocrx_word' id='word_1_72' title='bbox 473 1247 619 1297; x_wconf 66' lang='lat' dir='ltr'>rogas?</span> <span class='ocrx_word' id='word_1_73' title='bbox 682 1246 874 1284; x_wconf 78' lang='lat' dir='ltr'>Athenae</span> <span class='ocrx_word' id='word_1_74' title='bbox 906 1246 986 1283; x_wconf 82' lang='lat' dir='ltr'>hue</span> <span class='ocrx_word' id='word_1_75' title='bbox 1019 1247 1062 1283; x_wconf 90' lang='lat' dir='ltr'>in</span> <span class='ocrx_word' id='word_1_76' title='bbox 1094 1245 1367 1283; x_wconf 77' lang='lat' dir='ltr'>Germaniam</span> 
     </span>
     <span class='ocr_line' id='line_1_21' title="bbox 215 1312 897 1363; baseline -0.004 -12"><span class='ocrx_word' id='word_1_77' title='bbox 215 1312 520 1363; x_wconf 81' lang='lat' dir='ltr'>Commigrasse</span> <span class='ocrx_word' id='word_1_78' title='bbox 552 1312 653 1350; x_wconf 89' lang='lat' dir='ltr'>mihi</span> <span class='ocrx_word' id='word_1_79' title='bbox 685 1312 897 1349; x_wconf 77' lang='lat' dir='ltr'>videntur.</span> 
     </span>
    </p>
   </div>
   <div class='ocr_carea' id='block_1_12' title="bbox 692 1394 1316 1505">
    <p class='ocr_par' dir='ltr' id='par_1_12' title="bbox 692 1394 1316 1505">
     <span class='ocr_line' id='line_1_22' title="bbox 692 1394 942 1432; baseline 0.004 -2"><span class='ocrx_word' id='word_1_80' title='bbox 692 1394 725 1430; x_wconf 85' lang='lat' dir='ltr'>E</span> <span class='ocrx_word' id='word_1_81' title='bbox 736 1408 760 1431; x_wconf 95' lang='lat' dir='ltr'>o</span> <span class='ocrx_word' id='word_1_82' title='bbox 770 1394 796 1432; x_wconf 91' lang='lat' dir='ltr'>b</span> <span class='ocrx_word' id='word_1_83' title='bbox 805 1407 827 1431; x_wconf 87' lang='lat' dir='ltr'>a</span> <span class='ocrx_word' id='word_1_84' title='bbox 838 1407 864 1431; x_wconf 92' lang='lat' dir='ltr'>n</span> <span class='ocrx_word' id='word_1_85' title='bbox 875 1406 901 1431; x_wconf 93' lang='lat' dir='ltr'>u</span> <span class='ocrx_word' id='word_1_86' title='bbox 911 1407 942 1431; x_wconf 89' lang='lat' dir='ltr'>s.</span> 
     </span>
     <span class='ocr_line' id='line_1_23' title="bbox 892 1457 1316 1505; baseline -0.002 -9"><span class='ocrx_word' id='word_1_87' title='bbox 892 1459 1003 1505; x_wconf 86' lang='lat' dir='ltr'>Quid</span> <span class='ocrx_word' id='word_1_88' title='bbox 1028 1458 1152 1498; x_wconf 86' lang='lat' dir='ltr'>Came</span> <span class='ocrx_word' id='word_1_89' title='bbox 1158 1458 1291 1496; x_wconf 84' lang='lat' dir='ltr'>rarius</span> <span class='ocrx_word' id='word_1_90' title='bbox 1302 1457 1316 1495; x_wconf 73' lang='grc' dir='ltr'>’ἔ</span> 
     </span>
    </p>
   </div>
   <div class='ocr_carea' id='block_1_13' title="bbox 213 1541 1283 1788">
    <p class='ocr_par' dir='ltr' id='par_1_13' title="bbox 213 1541 1283 1788">
     <span class='ocr_line' id='line_1_24' title="bbox 724 1541 909 1580; baseline 0 -1"><span class='ocrx_word' id='word_1_91' title='bbox 724 1541 909 1580; x_wconf 73' lang='lat' dir='ltr'>Cicero.</span> 
     </span>
     <span class='ocr_line' id='line_1_25' title="bbox 215 1606 1283 1651; baseline -0.002 -6"><span class='ocrx_word' id='word_1_92' title='bbox 215 1607 295 1645; x_wconf 78' lang='lat' dir='ltr'>Hic</span> <span class='ocrx_word' id='word_1_93' title='bbox 327 1607 449 1646; x_wconf 82' lang='lat' dir='ltr'>vobis</span> <span class='ocrx_word' id='word_1_94' title='bbox 479 1607 585 1645; x_wconf 87' lang='lat' dir='ltr'>alter</span> <span class='ocrx_word' id='word_1_95' title='bbox 615 1607 747 1645; x_wconf 83' lang='lat' dir='ltr'>Varro</span> <span class='ocrx_word' id='word_1_96' title='bbox 777 1612 854 1648; x_wconf 77' lang='lat' dir='ltr'>est,</span> <span class='ocrx_word' id='word_1_97' title='bbox 887 1607 993 1644; x_wconf 77' lang='lat' dir='ltr'>alter</span> <span class='ocrx_word' id='word_1_98' title='bbox 1021 1606 1283 1651; x_wconf 82' lang='lat' dir='ltr'>Theocritus,</span> 
     </span>
     <span class='ocr_line' id='line_1_26' title="bbox 213 1672 1138 1723; baseline -0.003 -12"><span class='ocrx_word' id='word_1_99' title='bbox 213 1672 333 1711; x_wconf 89' lang='lat' dir='ltr'>Alter</span> <span class='ocrx_word' id='word_1_100' title='bbox 362 1672 577 1723; x_wconf 74' lang='lat' dir='ltr'>Polybius,</span> <span class='ocrx_word' id='word_1_101' title='bbox 610 1676 754 1710; x_wconf 88' lang='lat' dir='ltr'>orator</span> <span class='ocrx_word' id='word_1_102' title='bbox 782 1673 966 1723; x_wconf 66' lang='lat' dir='ltr'>grandis</span> <span class='ocrx_word' id='word_1_103' title='bbox 998 1672 1138 1722; x_wconf 68' lang='lat' dir='ltr'>gravis</span> 
     </span>
     <span class='ocr_line' id='line_1_27' title="bbox 214 1738 1078 1788; baseline -0.003 -11"><span class='ocrx_word' id='word_1_104' title='bbox 214 1738 272 1777; x_wconf 90' lang='lat' dir='ltr'>Et</span> <span class='ocrx_word' id='word_1_105' title='bbox 295 1739 503 1788; x_wconf 55' lang='lat' dir='ltr'>copiosus</span> <span class='ocrx_word' id='word_1_106' title='bbox 536 1742 629 1776; x_wconf 77' lang='lat' dir='ltr'>‘sum</span> <span class='ocrx_word' id='word_1_107' title='bbox 660 1743 788 1787; x_wconf 77' lang='lat' dir='ltr'>poeta</span> <span class='ocrx_word' id='word_1_108' title='bbox 816 1738 1078 1776; x_wconf 80' lang='lat' dir='ltr'>commodus.</span> 
     </span>
    </p>
   </div>
   <div class='ocr_carea' id='block_1_14' title="bbox 211 1820 1351 2279">
    <p class='ocr_par' dir='ltr' id='par_1_14' title="bbox 211 1820 1351 2279">
     <span class='ocr_line' id='line_1_28' title="bbox 687 1820 936 1858; baseline -0.004 0"><span class='ocrx_word' id='word_1_109' title='bbox 687 1820 936 1858; x_wconf 68' lang='lat' dir='ltr'>Eobanus</span> 
     </span>
     <span class='ocr_line' id='line_1_29' title="bbox 213 1885 1208 1935; baseline -0.001 -12"><span class='ocrx_word' id='word_1_110' title='bbox 213 1885 324 1932; x_wconf 85' lang='lat' dir='ltr'>Quid</span> <span class='ocrx_word' id='word_1_111' title='bbox 353 1886 404 1924; x_wconf 89' lang='lat' dir='ltr'>de</span> <span class='ocrx_word' id='word_1_112' title='bbox 435 1885 632 1935; x_wconf 86' lang='lat' dir='ltr'>Philippo</span> <span class='ocrx_word' id='word_1_113' title='bbox 662 1885 825 1934; x_wconf 82' lang='lat' dir='ltr'>judicas</span> <span class='ocrx_word' id='word_1_114' title='bbox 856 1885 1208 1923; x_wconf 67' lang='lat' dir='ltr'>MelanehthoneZ</span> 
     </span>
     <span class='ocr_line' id='line_1_30' title="bbox 722 1967 907 2006; baseline 0 -1"><span class='ocrx_word' id='word_1_115' title='bbox 722 1967 907 2006; x_wconf 75' lang='lat' dir='ltr'>Cicero.</span> 
     </span>
     <span class='ocr_line' id='line_1_31' title="bbox 211 2033 1176 2072; baseline -0.002 -1"><span class='ocrx_word' id='word_1_116' title='bbox 211 2033 360 2071; x_wconf 88' lang='lat' dir='ltr'>Totius</span> <span class='ocrx_word' id='word_1_117' title='bbox 388 2033 455 2071; x_wconf 78' lang='lat' dir='ltr'>hio</span> <span class='ocrx_word' id='word_1_118' title='bbox 485 2038 785 2072; x_wconf 79' lang='lat' dir='ltr'>ornamentum</span> <span class='ocrx_word' id='word_1_119' title='bbox 813 2033 896 2071; x_wconf 86' lang='lat' dir='ltr'>fuit</span> <span class='ocrx_word' id='word_1_120' title='bbox 926 2033 1176 2072; x_wconf 83' lang='lat' dir='ltr'>Germaniae</span> 
     </span>
     <span class='ocr_line' id='line_1_32' title="bbox 213 2097 1013 2145; baseline 0.001 -10"><span class='ocrx_word' id='word_1_121' title='bbox 213 2097 263 2136; x_wconf 93' lang='lat' dir='ltr'>In</span> <span class='ocrx_word' id='word_1_122' title='bbox 292 2098 459 2143; x_wconf 76' lang='lat' dir='ltr'>litteris,</span> <span class='ocrx_word' id='word_1_123' title='bbox 490 2099 534 2136; x_wconf 90' lang='lat' dir='ltr'>in</span> <span class='ocrx_word' id='word_1_124' title='bbox 564 2098 807 2136; x_wconf 78' lang='lat' dir='ltr'>liberalibus</span> <span class='ocrx_word' id='word_1_125' title='bbox 838 2099 1013 2145; x_wconf 76' lang='lat' dir='ltr'>artibus,</span> 
     </span>
     <span class='ocr_line' id='line_1_33' title="bbox 212 2163 1270 2214; baseline -0.002 -13"><span class='ocrx_word' id='word_1_126' title='bbox 212 2163 264 2201; x_wconf 90' lang='lat' dir='ltr'>In</span> <span class='ocrx_word' id='word_1_127' title='bbox 292 2164 466 2213; x_wconf 82' lang='lat' dir='ltr'>optimis</span> <span class='ocrx_word' id='word_1_128' title='bbox 497 2163 734 2213; x_wconf 83' lang='lat' dir='ltr'>quibusque</span> <span class='ocrx_word' id='word_1_129' title='bbox 764 2164 928 2209; x_wconf 73' lang='lat' dir='ltr'>studiis,</span> <span class='ocrx_word' id='word_1_130' title='bbox 962 2177 1067 2214; x_wconf 88' lang='lat' dir='ltr'>quae</span> <span class='ocrx_word' id='word_1_131' title='bbox 1099 2163 1270 2214; x_wconf 87' lang='lat' dir='ltr'>quidem</span> 
     </span>
     <span class='ocr_line' id='line_1_34' title="bbox 212 2228 1351 2279; baseline -0.001 -13"><span class='ocrx_word' id='word_1_132' title='bbox 212 2229 360 2267; x_wconf 89' lang='lat' dir='ltr'>Virum</span> <span class='ocrx_word' id='word_1_133' title='bbox 391 2228 549 2267; x_wconf 88' lang='lat' dir='ltr'>bonum</span> <span class='ocrx_word' id='word_1_134' title='bbox 580 2233 708 2278; x_wconf 80' lang='lat' dir='ltr'>atque</span> <span class='ocrx_word' id='word_1_135' title='bbox 738 2230 967 2279; x_wconf 79' lang='lat' dir='ltr'>ingenuum</span> <span class='ocrx_word' id='word_1_136' title='bbox 1004 2230 1106 2267; x_wconf 79' lang='lat' dir='ltr'>seire</span> <span class='ocrx_word' id='word_1_137' title='bbox 1137 2228 1351 2267; x_wconf 78' lang='lat' dir='ltr'>condecet.</span> 
     </span>
    </p>
   </div>
   <div class='ocr_carea' id='block_1_15' title="bbox 212 2311 1192 2427">
    <p class='ocr_par' dir='ltr' id='par_1_15' title="bbox 212 2311 1192 2427">
     <span class='ocr_line' id='line_1_35' title="bbox 686 2311 937 2350; baseline 0.004 -2"><span class='ocrx_word' id='word_1_138' title='bbox 686 2311 721 2348; x_wconf 86' lang='lat' dir='ltr'>E</span> <span class='ocrx_word' id='word_1_139' title='bbox 731 2325 755 2350; x_wconf 93' lang='lat'>0</span> <span class='ocrx_word' id='word_1_140' title='bbox 764 2312 791 2350; x_wconf 92' lang='lat' dir='ltr'>b</span> <span class='ocrx_word' id='word_1_141' title='bbox 801 2325 823 2349; x_wconf 83' lang='lat' dir='ltr'>a</span> <span class='ocrx_word' id='word_1_142' title='bbox 833 2325 860 2349; x_wconf 93' lang='lat' dir='ltr'>n</span> <span class='ocrx_word' id='word_1_143' title='bbox 870 2325 895 2349; x_wconf 91' lang='lat' dir='ltr'>u</span> <span class='ocrx_word' id='word_1_144' title='bbox 905 2325 937 2350; x_wconf 88' lang='lat' dir='ltr'>s.</span> 
     </span>
     <span class='ocr_line' id='line_1_36' title="bbox 212 2375 1192 2427; baseline 0 -13"><span class='ocrx_word' id='word_1_145' title='bbox 212 2375 295 2414; x_wconf 85' lang='lat' dir='ltr'>Sed</span> <span class='ocrx_word' id='word_1_146' title='bbox 324 2376 427 2426; x_wconf 86' lang='lat' dir='ltr'>quid</span> <span class='ocrx_word' id='word_1_147' title='bbox 453 2376 504 2414; x_wconf 85' lang='lat' dir='ltr'>de</span> <span class='ocrx_word' id='word_1_148' title='bbox 532 2389 668 2427; x_wconf 87' lang='lat' dir='ltr'>nuper</span> <span class='ocrx_word' id='word_1_149' title='bbox 694 2378 806 2415; x_wconf 72' lang='lat' dir='ltr'>natis</span> <span class='ocrx_word' id='word_1_150' title='bbox 835 2377 1192 2426; x_wconf 67' lang='lat' dir='ltr'>quaestiunculis?</span> 
     </span>
    </p>
   </div>
  </div>
 </body>
</html>
