<?xml version="1.0" encoding="UTF-8"?>
<!DOCTYPE html PUBLIC "-//W3C//DTD XHTML 1.0 Transitional//EN"
    "http://www.w3.org/TR/xhtml1/DTD/xhtml1-transitional.dtd">
<html xmlns="http://www.w3.org/1999/xhtml" xml:lang="en" lang="en">
 <head>
  <title>
</title>
<meta http-equiv="Content-Type" content="text/html;charset=utf-8" />
  <meta name='ocr-system' content='tesseract 3.04.00' />
  <meta name='ocr-capabilities' content='ocr_page ocr_carea ocr_par ocr_line ocrx_word'/>
</head>
<body>
  <div class='ocr_page' id='page_1' title='image "./jvlivsredivivvs00frisuoft_0115.png"; bbox 0 0 1722 2663; ppageno 0'>
   <div class='ocr_carea' id='block_1_1' title="bbox 376 110 1414 147">
    <p class='ocr_par' dir='ltr' id='par_1_1' title="bbox 376 110 1414 147">
     <span class='ocr_line' id='line_1_1' title="bbox 376 110 1414 147; baseline -0.004 -8"><span class='ocrx_word' id='word_1_1' title='bbox 376 112 634 143; x_wconf 77' lang='lat' dir='ltr'>FRISCHLINVS,</span> <span class='ocrx_word' id='word_1_2' title='bbox 663 111 791 138; x_wconf 81' lang='lat' dir='ltr'>JVLIVS</span> <span class='ocrx_word' id='word_1_3' title='bbox 811 110 1025 139; x_wconf 81' lang='lat' dir='ltr'>REDlVlVVS.</span> <span class='ocrx_word' id='word_1_4' title='bbox 1062 111 1081 141; x_wconf 89' lang='lat'>1,</span> <span class='ocrx_word' id='word_1_5' title='bbox 1100 111 1125 136; x_wconf 86' lang='lat'>2.</span> <span class='ocrx_word' id='word_1_6' title='bbox 1373 113 1414 147; x_wconf 80' lang='lat'>19</span> 
     </span>
    </p>
   </div>
   <div class='ocr_carea' id='block_1_2' title="bbox 98 222 1415 865">
    <p class='ocr_par' dir='ltr' id='par_1_2' title="bbox 98 222 1415 865">
     <span class='ocr_line' id='line_1_2' title="bbox 698 222 891 259; baseline 0 0"><span class='ocrx_word' id='word_1_7' title='bbox 698 222 891 259; x_wconf 70' lang='lat' dir='ltr'>Caesar.</span> 
     </span>
     <span class='ocr_line' id='line_1_3' title="bbox 98 287 1250 327; baseline -0.001 -3"><span class='ocrx_word' id='word_1_8' title='bbox 98 301 154 325; x_wconf 77' lang='lat'>320</span> <span class='ocrx_word' id='word_1_9' title='bbox 180 289 419 327; x_wconf 84' lang='lat' dir='ltr'>Ariovistus</span> <span class='ocrx_word' id='word_1_10' title='bbox 449 289 534 326; x_wconf 79' lang='lat' dir='ltr'>acie</span> <span class='ocrx_word' id='word_1_11' title='bbox 566 289 704 325; x_wconf 82' lang='lat' dir='ltr'>victus</span> <span class='ocrx_word' id='word_1_12' title='bbox 734 288 890 325; x_wconf 87' lang='lat' dir='ltr'>amisso</span> <span class='ocrx_word' id='word_1_13' title='bbox 919 287 1034 324; x_wconf 87' lang='lat' dir='ltr'>omni</span> <span class='ocrx_word' id='word_1_14' title='bbox 1062 288 1250 323; x_wconf 78' lang='lat' dir='ltr'>exercitu</span> 
     </span>
     <span class='ocr_line' id='line_1_4' title="bbox 180 351 1360 404; baseline -0.003 -12"><span class='ocrx_word' id='word_1_15' title='bbox 180 354 231 391; x_wconf 94' lang='lat' dir='ltr'>In</span> <span class='ocrx_word' id='word_1_16' title='bbox 255 354 400 404; x_wconf 81' lang='lat' dir='ltr'>fugam</span> <span class='ocrx_word' id='word_1_17' title='bbox 425 366 652 392; x_wconf 86' lang='lat' dir='ltr'>conversus</span> <span class='ocrx_word' id='word_1_18' title='bbox 676 352 907 402; x_wconf 74' lang='lat' dir='ltr'>deligatam</span> <span class='ocrx_word' id='word_1_19' title='bbox 932 352 986 389; x_wconf 86' lang='lat' dir='ltr'>ad</span> <span class='ocrx_word' id='word_1_20' title='bbox 1011 352 1147 401; x_wconf 81' lang='lat' dir='ltr'>ripam</span> <span class='ocrx_word' id='word_1_21' title='bbox 1171 351 1360 388; x_wconf 78' lang='lat' dir='ltr'>fluminis</span> 
     </span>
     <span class='ocr_line' id='line_1_5' title="bbox 182 416 1331 467; baseline -0.002 -11"><span class='ocrx_word' id='word_1_22' title='bbox 182 419 319 456; x_wconf 86' lang='lat' dir='ltr'>Rheni</span> <span class='ocrx_word' id='word_1_23' title='bbox 352 418 593 457; x_wconf 77' lang='lat' dir='ltr'>naviculam</span> <span class='ocrx_word' id='word_1_24' title='bbox 626 422 776 456; x_wconf 81' lang='lat' dir='ltr'>nactus</span> <span class='ocrx_word' id='word_1_25' title='bbox 807 430 858 455; x_wconf 89' lang='lat' dir='ltr'>ea</span> <span class='ocrx_word' id='word_1_26' title='bbox 888 417 1089 467; x_wconf 73' lang='lat' dir='ltr'>profugit,</span> <span class='ocrx_word' id='word_1_27' title='bbox 1124 416 1331 466; x_wconf 88' lang='lat' dir='ltr'>reliquam</span> 
     </span>
     <span class='ocr_line' id='line_1_6' title="bbox 954 483 1142 520; baseline 0.005 -1"><span class='ocrx_word' id='word_1_28' title='bbox 954 483 1142 520; x_wconf 89' lang='lat' dir='ltr'>hostium</span> 
     </span>
     <span class='ocr_line' id='line_1_7' title="bbox 180 547 1415 597; baseline -0.002 -10"><span class='ocrx_word' id='word_1_29' title='bbox 180 550 325 587; x_wconf 82' lang='lat' dir='ltr'>Aciem</span> <span class='ocrx_word' id='word_1_30' title='bbox 350 550 565 587; x_wconf 80' lang='lat' dir='ltr'>consecuti</span> <span class='ocrx_word' id='word_1_31' title='bbox 592 549 724 586; x_wconf 77' lang='lat' dir='ltr'>nostri</span> <span class='ocrx_word' id='word_1_32' title='bbox 750 549 915 597; x_wconf 81' lang='lat' dir='ltr'>equites</span> <span class='ocrx_word' id='word_1_33' title='bbox 941 560 1086 585; x_wconf 86' lang='lat' dir='ltr'>omnes</span> <span class='ocrx_word' id='word_1_34' title='bbox 1111 547 1226 585; x_wconf 78' lang='lat' dir='ltr'>facto</span> <span class='ocrx_word' id='word_1_35' title='bbox 1252 548 1415 597; x_wconf 86' lang='lat' dir='ltr'>impet-u</span> 
     </span>
     <span class='ocr_line' id='line_1_8' title="bbox 181 614 466 653; baseline -0.004 -1"><span class='ocrx_word' id='word_1_36' title='bbox 181 614 466 653; x_wconf 80' lang='lat' dir='ltr'>Int-erficiunt.</span> 
     </span>
     <span class='ocr_line' id='line_1_9' title="bbox 704 696 889 733; baseline 0 0"><span class='ocrx_word' id='word_1_37' title='bbox 704 696 889 733; x_wconf 77' lang='lat' dir='ltr'>Cicero.</span> 
     </span>
     <span class='ocr_line' id='line_1_10' title="bbox 479 761 1415 807; baseline -0.002 -8"><span class='ocrx_word' id='word_1_38' title='bbox 479 763 613 807; x_wconf 78' lang='lat' dir='ltr'>Certe,</span> <span class='ocrx_word' id='word_1_39' title='bbox 636 763 691 799; x_wconf 87' lang='lat' dir='ltr'>mi</span> <span class='ocrx_word' id='word_1_40' title='bbox 713 762 789 805; x_wconf 74' lang='lat' dir='ltr'>vir,</span> <span class='ocrx_word' id='word_1_41' title='bbox 811 762 844 798; x_wconf 88' lang='lat' dir='ltr'>si</span> <span class='ocrx_word' id='word_1_42' title='bbox 865 765 912 798; x_wconf 77' lang='lat' dir='ltr'>tu</span> <span class='ocrx_word' id='word_1_43' title='bbox 933 761 1041 798; x_wconf 81' lang='lat' dir='ltr'>hune</span> <span class='ocrx_word' id='word_1_44' title='bbox 1063 773 1219 805; x_wconf 76' lang='lat' dir='ltr'>nosses,</span> <span class='ocrx_word' id='word_1_45' title='bbox 1241 773 1415 797; x_wconf 86' lang='lat' dir='ltr'>manum</span> 
     </span>
     <span class='ocr_line' id='line_1_11' title="bbox 99 827 718 865; baseline 0.003 -3"><span class='ocrx_word' id='word_1_46' title='bbox 99 839 150 863; x_wconf 79' lang='lat'>325</span> <span class='ocrx_word' id='word_1_47' title='bbox 181 828 427 865; x_wconf 82' lang='lat' dir='ltr'>Abstineres</span> <span class='ocrx_word' id='word_1_48' title='bbox 445 827 558 865; x_wconf 89' lang='lat' dir='ltr'>haud</span> <span class='ocrx_word' id='word_1_49' title='bbox 577 827 718 864; x_wconf 87' lang='lat' dir='ltr'>dubie.</span> 
     </span>
    </p>
   </div>
   <div class='ocr_carea' id='block_1_3' title="bbox 631 921 1131 1035">
    <p class='ocr_par' dir='ltr' id='par_1_3' title="bbox 631 921 1131 1035">
     <span class='ocr_line' id='line_1_12' title="bbox 631 921 964 958; baseline -0.003 0"><span class='ocrx_word' id='word_1_50' title='bbox 631 921 729 958; x_wconf 89' lang='lat' dir='ltr'>Her</span> <span class='ocrx_word' id='word_1_51' title='bbox 742 933 964 958; x_wconf 79' lang='lat' dir='ltr'>mannus.</span> 
     </span>
     <span class='ocr_line' id='line_1_13' title="bbox 725 985 1131 1035; baseline -0.005 -12"><span class='ocrx_word' id='word_1_52' title='bbox 725 986 828 1032; x_wconf 80' lang='lat' dir='ltr'>Quis</span> <span class='ocrx_word' id='word_1_53' title='bbox 846 989 894 1023; x_wconf 87' lang='lat' dir='ltr'>tu</span> <span class='ocrx_word' id='word_1_54' title='bbox 918 998 962 1022; x_wconf 82' lang='lat' dir='ltr'>es</span> <span class='ocrx_word' id='word_1_55' title='bbox 979 985 1131 1035; x_wconf 62' lang='lat' dir='ltr'>igitur!</span> 
     </span>
    </p>
   </div>
   <div class='ocr_carea' id='block_1_4' title="bbox 182 1081 1374 1250">
    <p class='ocr_par' dir='ltr' id='par_1_4' title="bbox 182 1081 1374 1250">
     <span class='ocr_line' id='line_1_14' title="bbox 701 1081 894 1117; baseline -0.005 0"><span class='ocrx_word' id='word_1_56' title='bbox 701 1081 731 1117; x_wconf 15' lang='grc' dir='ltr'>(γ’</span> <span class='ocrx_word' id='word_1_57' title='bbox 740 1093 762 1117; x_wconf 86' lang='lat' dir='ltr'>a</span> <span class='ocrx_word' id='word_1_58' title='bbox 773 1093 793 1117; x_wconf 84' lang='lat' dir='ltr'>e</span> <span class='ocrx_word' id='word_1_59' title='bbox 803 1093 820 1116; x_wconf 78' lang='lat' dir='ltr'>s</span> <span class='ocrx_word' id='word_1_60' title='bbox 830 1093 853 1116; x_wconf 82' lang='lat' dir='ltr'>a</span> <span class='ocrx_word' id='word_1_61' title='bbox 864 1093 894 1116; x_wconf 86' lang='lat' dir='ltr'>r.</span> 
     </span>
     <span class='ocr_line' id='line_1_15' title="bbox 1144 1143 1374 1187; baseline -0.009 -5"><span class='ocrx_word' id='word_1_62' title='bbox 1144 1143 1185 1182; x_wconf 77' lang='lat' dir='ltr'>Si</span> <span class='ocrx_word' id='word_1_63' title='bbox 1216 1144 1374 1187; x_wconf 73' lang='lat' dir='ltr'>dixero,</span> 
     </span>
     <span class='ocr_line' id='line_1_16' title="bbox 182 1210 739 1250; baseline -0.004 0"><span class='ocrx_word' id='word_1_64' title='bbox 182 1212 263 1250; x_wconf 85' lang='lat' dir='ltr'>Vix</span> <span class='ocrx_word' id='word_1_65' title='bbox 281 1212 383 1250; x_wconf 90' lang='lat' dir='ltr'>mihi</span> <span class='ocrx_word' id='word_1_66' title='bbox 401 1211 532 1250; x_wconf 88' lang='lat' dir='ltr'>fidem</span> <span class='ocrx_word' id='word_1_67' title='bbox 550 1210 739 1249; x_wconf 78' lang='lat' dir='ltr'>habebis.</span> 
     </span>
    </p>
   </div>
   <div class='ocr_carea' id='block_1_5' title="bbox 633 1299 1054 1401">
    <p class='ocr_par' dir='ltr' id='par_1_5' title="bbox 633 1299 1054 1401">
     <span class='ocr_line' id='line_1_17' title="bbox 633 1299 966 1336; baseline -0.003 0"><span class='ocrx_word' id='word_1_68' title='bbox 633 1299 731 1336; x_wconf 85' lang='lat' dir='ltr'>Her</span> <span class='ocrx_word' id='word_1_69' title='bbox 744 1311 966 1336; x_wconf 82' lang='lat' dir='ltr'>mannus.</span> 
     </span>
     <span class='ocr_line' id='line_1_18' title="bbox 726 1363 1054 1401; baseline -0.006 0"><span class='ocrx_word' id='word_1_70' title='bbox 726 1364 859 1401; x_wconf 86' lang='lat' dir='ltr'>Prout</span> <span class='ocrx_word' id='word_1_71' title='bbox 876 1363 1032 1401; x_wconf 81' lang='lat' dir='ltr'>dixeris</span> <span class='ocrx_word' id='word_1_72' title='bbox 1048 1367 1054 1400; x_wconf 89' lang='lat'>!</span> 
     </span>
    </p>
   </div>
   <div class='ocr_carea' id='block_1_6' title="bbox 700 1458 1417 1567">
    <p class='ocr_par' dir='ltr' id='par_1_6' title="bbox 700 1458 1417 1567">
     <span class='ocr_line' id='line_1_19' title="bbox 700 1458 894 1496; baseline -0.01 0"><span class='ocrx_word' id='word_1_73' title='bbox 700 1458 894 1496; x_wconf 71' lang='lat' dir='ltr'>Caesar.</span> 
     </span>
     <span class='ocr_line' id='line_1_20' title="bbox 881 1521 1417 1567; baseline -0.002 -7"><span class='ocrx_word' id='word_1_74' title='bbox 881 1522 955 1560; x_wconf 77' lang='lat' dir='ltr'>Die</span> <span class='ocrx_word' id='word_1_75' title='bbox 988 1527 1035 1560; x_wconf 87' lang='lat' dir='ltr'>tu</span> <span class='ocrx_word' id='word_1_76' title='bbox 1067 1521 1136 1567; x_wconf 73' lang='lat' dir='ltr'>illi,</span> <span class='ocrx_word' id='word_1_77' title='bbox 1175 1523 1232 1559; x_wconf 89' lang='lat' dir='ltr'>mi</span> <span class='ocrx_word' id='word_1_78' title='bbox 1262 1521 1417 1560; x_wconf 79' lang='lat' dir='ltr'>Cicero.</span> 
     </span>
    </p>
   </div>
   <div class='ocr_carea' id='block_1_7' title="bbox 101 1606 1419 2114">
    <p class='ocr_par' dir='ltr' id='par_1_7' title="bbox 705 1606 891 1644">
     <span class='ocr_line' id='line_1_21' title="bbox 705 1606 891 1644; baseline 0 -2"><span class='ocrx_word' id='word_1_79' title='bbox 705 1606 891 1644; x_wconf 82' lang='lat' dir='ltr'>Cicero.</span> 
     </span>
    </p>

    <p class='ocr_par' dir='ltr' id='par_1_8' title="bbox 182 1668 1391 1847">
     <span class='ocr_line' id='line_1_22' title="bbox 182 1668 1391 1719; baseline -0.005 -8"><span class='ocrx_word' id='word_1_80' title='bbox 182 1673 262 1711; x_wconf 85' lang='lat' dir='ltr'>Hie</span> <span class='ocrx_word' id='word_1_81' title='bbox 295 1677 360 1711; x_wconf 87' lang='lat' dir='ltr'>est</span> <span class='ocrx_word' id='word_1_82' title='bbox 387 1672 528 1712; x_wconf 83' lang='lat' dir='ltr'>Julius</span> <span class='ocrx_word' id='word_1_83' title='bbox 553 1672 720 1718; x_wconf 79' lang='lat' dir='ltr'>Caesar,</span> <span class='ocrx_word' id='word_1_84' title='bbox 751 1671 1007 1709; x_wconf 81' lang='lat' dir='ltr'>fortissimus</span> <span class='ocrx_word' id='word_1_85' title='bbox 1039 1670 1282 1719; x_wconf 82' lang='lat' dir='ltr'>imperator,</span> <span class='ocrx_word' id='word_1_86' title='bbox 1315 1668 1391 1706; x_wconf 76' lang='lat' dir='ltr'>has</span> 
     </span>
     <span class='ocr_line' id='line_1_23' title="bbox 183 1734 1309 1788; baseline -0.005 -11"><span class='ocrx_word' id='word_1_87' title='bbox 183 1738 294 1777; x_wconf 89' lang='lat' dir='ltr'>Olim</span> <span class='ocrx_word' id='word_1_88' title='bbox 324 1739 397 1788; x_wconf 92' lang='lat' dir='ltr'>qui</span> <span class='ocrx_word' id='word_1_89' title='bbox 424 1738 595 1776; x_wconf 88' lang='lat' dir='ltr'>domuit</span> <span class='ocrx_word' id='word_1_90' title='bbox 622 1740 768 1787; x_wconf 82' lang='lat' dir='ltr'>gentes</span> <span class='ocrx_word' id='word_1_91' title='bbox 796 1736 1064 1774; x_wconf 78' lang='lat' dir='ltr'>immanitate</span> <span class='ocrx_word' id='word_1_92' title='bbox 1095 1734 1309 1779; x_wconf 76' lang='lat' dir='ltr'>barbaras,</span> 
     </span>
     <span class='ocr_line' id='line_1_24' title="bbox 183 1800 1195 1847; baseline -0.005 -5"><span class='ocrx_word' id='word_1_93' title='bbox 183 1803 456 1842; x_wconf 73' lang='lat' dir='ltr'>Multitudine</span> <span class='ocrx_word' id='word_1_94' title='bbox 487 1801 827 1847; x_wconf 73' lang='lat' dir='ltr'>innumerabiles,</span> <span class='ocrx_word' id='word_1_95' title='bbox 861 1800 1052 1838; x_wconf 85' lang='lat' dir='ltr'>infinitas</span> <span class='ocrx_word' id='word_1_96' title='bbox 1083 1800 1195 1845; x_wconf 71' lang='lat' dir='ltr'>locis,</span> 
     </span>
    </p>

    <p class='ocr_par' dir='ltr' id='par_1_9' title="bbox 101 1863 1419 1979">
     <span class='ocr_line' id='line_1_25' title="bbox 101 1863 1419 1919; baseline -0.003 -15"><span class='ocrx_word' id='word_1_97' title='bbox 101 1881 156 1905; x_wconf 75' lang='lat'>330</span> <span class='ocrx_word' id='word_1_98' title='bbox 183 1869 309 1907; x_wconf 90' lang='lat' dir='ltr'>Omni</span> <span class='ocrx_word' id='word_1_99' title='bbox 342 1869 560 1919; x_wconf 83' lang='lat' dir='ltr'>copiarum</span> <span class='ocrx_word' id='word_1_100' title='bbox 593 1880 741 1918; x_wconf 84' lang='lat' dir='ltr'>genere</span> <span class='ocrx_word' id='word_1_101' title='bbox 777 1866 1057 1907; x_wconf 72' lang='lat' dir='ltr'>abundantes,</span> <span class='ocrx_word' id='word_1_102' title='bbox 1093 1865 1215 1914; x_wconf 88' lang='lat' dir='ltr'>eujus</span> <span class='ocrx_word' id='word_1_103' title='bbox 1248 1863 1419 1901; x_wconf 81' lang='lat' dir='ltr'>bellicae</span> 
     </span>
     <span class='ocr_line' id='line_1_26' title="bbox 183 1929 1418 1979; baseline -0.005 -7"><span class='ocrx_word' id='word_1_104' title='bbox 183 1934 350 1972; x_wconf 85' lang='lat' dir='ltr'>Laudes</span> <span class='ocrx_word' id='word_1_105' title='bbox 383 1934 650 1972; x_wconf 85' lang='lat' dir='ltr'>celebrantur</span> <span class='ocrx_word' id='word_1_106' title='bbox 682 1945 767 1970; x_wconf 88' lang='lat' dir='ltr'>non</span> <span class='ocrx_word' id='word_1_107' title='bbox 802 1932 938 1969; x_wconf 84' lang='lat' dir='ltr'>solum</span> <span class='ocrx_word' id='word_1_108' title='bbox 972 1931 1141 1976; x_wconf 85' lang='lat' dir='ltr'>nostris,</span> <span class='ocrx_word' id='word_1_109' title='bbox 1178 1929 1251 1967; x_wconf 88' lang='lat' dir='ltr'>sed</span> <span class='ocrx_word' id='word_1_110' title='bbox 1285 1941 1418 1979; x_wconf 83' lang='lat' dir='ltr'>paene</span> 
     </span>
    </p>

    <p class='ocr_par' dir='ltr' id='par_1_10' title="bbox 957 1997 1147 2034">
     <span class='ocr_line' id='line_1_27' title="bbox 957 1997 1147 2034; baseline 0 -2"><span class='ocrx_word' id='word_1_111' title='bbox 957 1997 1147 2034; x_wconf 89' lang='lat' dir='ltr'>omnium</span> 
     </span>
    </p>

    <p class='ocr_par' dir='ltr' id='par_1_11' title="bbox 184 2063 779 2114">
     <span class='ocr_line' id='line_1_28' title="bbox 184 2063 779 2114; baseline -0.005 -11"><span class='ocrx_word' id='word_1_112' title='bbox 184 2064 387 2103; x_wconf 82' lang='lat' dir='ltr'>Gentium</span> <span class='ocrx_word' id='word_1_113' title='bbox 404 2064 557 2114; x_wconf 83' lang='lat' dir='ltr'>linguis</span> <span class='ocrx_word' id='word_1_114' title='bbox 573 2067 617 2101; x_wconf 90' lang='lat' dir='ltr'>et</span> <span class='ocrx_word' id='word_1_115' title='bbox 635 2063 779 2100; x_wconf 86' lang='lat' dir='ltr'>literis.</span> 
     </span>
    </p>
   </div>
   <div class='ocr_carea' id='block_1_8' title="bbox 188 2157 1368 2429">
    <p class='ocr_par' dir='ltr' id='par_1_12' title="bbox 188 2157 1368 2429">
     <span class='ocr_line' id='line_1_29' title="bbox 610 2157 942 2194; baseline -0.003 0"><span class='ocrx_word' id='word_1_116' title='bbox 610 2157 942 2194; x_wconf 84' lang='lat' dir='ltr'>Hermannus.</span> 
     </span>
     <span class='ocr_line' id='line_1_30' title="bbox 799 2217 1363 2267; baseline -0.007 -8"><span class='ocrx_word' id='word_1_117' title='bbox 799 2222 902 2267; x_wconf 81' lang='lat' dir='ltr'>Quis</span> <span class='ocrx_word' id='word_1_118' title='bbox 926 2225 974 2258; x_wconf 87' lang='lat' dir='ltr'>tu</span> <span class='ocrx_word' id='word_1_119' title='bbox 1000 2233 1098 2257; x_wconf 80' lang='lat' dir='ltr'>vero</span> <span class='ocrx_word' id='word_1_120' title='bbox 1121 2220 1189 2256; x_wconf 58' lang='lat' dir='ltr'>es?</span> <span class='ocrx_word' id='word_1_121' title='bbox 1238 2217 1363 2256; x_wconf 81' lang='lat' dir='ltr'>Cedo.</span> 
     </span>
     <span class='ocr_line' id='line_1_31' title="bbox 711 2310 895 2348; baseline -0.011 0"><span class='ocrx_word' id='word_1_122' title='bbox 711 2310 895 2348; x_wconf 85' lang='lat' dir='ltr'>Cicero.</span> 
     </span>
     <span class='ocr_line' id='line_1_32' title="bbox 188 2372 1368 2429; baseline -0.008 -13"><span class='ocrx_word' id='word_1_123' title='bbox 188 2378 277 2429; x_wconf 85' lang='lat' dir='ltr'>Ego</span> <span class='ocrx_word' id='word_1_124' title='bbox 311 2391 403 2415; x_wconf 90' lang='lat' dir='ltr'>sum</span> <span class='ocrx_word' id='word_1_125' title='bbox 438 2377 602 2415; x_wconf 72' lang='lat' dir='ltr'>Marcus</span> <span class='ocrx_word' id='word_1_126' title='bbox 636 2375 702 2412; x_wconf 87' lang='lat' dir='ltr'>ille</span> <span class='ocrx_word' id='word_1_127' title='bbox 737 2375 891 2414; x_wconf 77' lang='lat' dir='ltr'>Cicero,</span> <span class='ocrx_word' id='word_1_128' title='bbox 926 2374 1070 2412; x_wconf 88' lang='lat' dir='ltr'>lumen</span> <span class='ocrx_word' id='word_1_129' title='bbox 1102 2372 1368 2421; x_wconf 85' lang='lat' dir='ltr'>eloquentiae</span> 
     </span>
    </p>
   </div>
   <div class='ocr_carea' id='block_1_9' title="bbox 1169 2454 1213 2488">
    <p class='ocr_par' dir='ltr' id='par_1_13' title="bbox 1169 2454 1213 2488">
     <span class='ocr_line' id='line_1_33' title="bbox 1169 2454 1213 2488; baseline 0 -14"><span class='ocrx_word' id='word_1_130' title='bbox 1169 2454 1213 2488; x_wconf 72' lang='lat'>2*</span> 
     </span>
    </p>
   </div>
  </div>
 </body>
</html>
