1722 2663
273 134 339 169 116
547 131 810 164 FRISCHLINVS.
829 130 956 158 JVLIVS
976 130 1189 160 REDIVIVVS.
1223 130 1266 161 111.
1285 130 1310 156 2.

836 242 866 279 C
875 241 887 278 1
895 254 914 278 c
926 254 946 278 e
956 254 974 278 r
984 254 1020 279 o.

839 306 950 352 Quin
979 307 1111 344 etiam
1140 307 1183 344 in
1214 305 1471 344 bibliotheca
1502 319 1586 344 una

1162 371 1409 409 assedimus.

831 459 862 497 C
871 472 893 497 a
904 472 924 497 e
933 472 951 497 s
961 472 984 497 a
994 472 1025 497 r.

382 526 475 573 Qua
506 524 786 563 bibliotheca?

407 606 411 610 ⁵
836 613 866 652 C
875 614 887 651 i
896 626 915 651 c
927 627 948 651 e
957 626 1021 651 ro.

793 679 908 725 Quae
932 680 977 716 in
997 679 1161 728 Lycaeo
1180 686 1257 717 est.

832 761 1026 799 Caesar.

1188 826 1310 865 Satin
1342 839 1469 864 sanus
1515 827 1584 864 es?

835 903 1020 941 Cice-ro.

1516 968 1587 1006 Ita

1228 1046 1336 1080 sum,
1368 1037 1417 1072 ut
1447 1033 1585 1079 vides3

380 1099 492 1137 Nam
521 1112 621 1137 mox
649 1099 923 1137 Academiam
953 1112 1120 1149 quoque
1149 1098 1465 1148 contemplatus
1493 1111 1587 1137 sum

1142 1163 1262 1214 longe
1294 1165 1515 1214 optimam.

830 1240 1024 1279 Caesar.

381 1306 679 1344 Academiam?
714 1305 790 1344 Pol
822 1311 882 1350 tu,
926 1306 1064 1351 homo7
1099 1319 1183 1344 non
1214 1319 1257 1343 es
1298 1306 1388 1343 sani
1419 1306 1584 1355 capitis,

1140 1371 1212 1421 qui
1242 1371 1515 1409 Academiam

272 1447 341 1473 1475
381 1437 545 1475 Vidisse
574 1440 614 1474 te
636 1436 752 1474 dicas
772 1437 815 1473 in
846 1436 909 1474 his
949 1435 1202 1487 regionibus.

823 1519 1008 1557 Cicero.

1233 1583 1331 1621 Vidi
1366 1583 1533 1621 hercule

382 1649 439 1687 Et
466 1662 562 1688 eam
590 1649 711 1699 longe
741 1649 800 1687 illi
830 1649 1083 1687 Academiae
1113 1652 1157 1687 et
1187 1648 1352 1699 Lycaeo
1381 1648 1587 1699 praefero.

832 1732 1026 1769 Caesar.

1361 1796 1472 1842 Quid
1503 1795 1586 1833 ais?

380 1861 529 1900 Tibine
543 1875 619 1912 ego
634 1861 803 1899 credam
814 1863 827 1899 ’ἔ

836 1938 1021 1976 Cicero.

752 2002 848 2041 Sive
883 2003 1030 2041 credas
1064 2004 1152 2041 sive
1187 2016 1273 2040 non
1297 2002 1477 2040 —mihi
1511 2001 1588 2040 hoc

1219 2072 1286 2106 sat
1316 2072 1392 2113 est,

383 2132 507 2179 Quod
532 2132 621 2170 vidi
645 2132 933 2172 Academiam.
962 2133 1049 2171 vidi
1076 2133 1302 2183 Lycaeum,
1331 2132 1419 2170 vidi
1444 2132 1588 2171 Socra-

1215 2202 1314 2243 tem,

382 2262 480 2301 Vidi
508 2262 745 2308 Platonem,
776 2263 864 2301 vidi
893 2263 1178 2308 Aristotelem,
1210 2263 1298 2301 vidi
1325 2261 1587 2308 Trebatium,

272 2338 347 2364 1430
383 2327 481 2366 Vidi
520 2327 687 2366 Aelium
725 2327 1004 2374 Tuberonem,
1046 2328 1133 2366 vidi
1172 2327 1422 2366 Scaevolam
1459 2339 1557 2365 cum

1209 2393 1367 2431 Laelio.
