1722 2663
260 130 305 164 68
539 127 798 159 FRISCHLINVS‚
817 126 946 155 JVLIVS
966 126 1180 156 REDIVIVVS.
1217 126 1248 158 11,
1273 126 1298 153 3.

860 237 890 275 C
899 250 922 274 a
932 250 952 274 e
961 249 979 274 s
989 249 1014 274 a
1022 250 1054 274 r.

626 302 728 348 Quis
758 315 933 352 regnum
964 301 1076 339 solus
1106 300 1301 339 obtineat-1
1328 301 1374 338 in

1142 365 1383 404 Germania.

788 431 830 469 H
840 444 861 469 e
871 444 890 469 r
900 444 943 469 m
952 444 976 469 a
984 444 1012 468 n
1020 444 1049 468 n
1057 443 1084 468 u
1093 443 1125 469 s.

342 498 562 536 Romanus
588 497 831 546 imperator,
863 509 989 546 quem
1018 496 1143 546 vulgo
1171 508 1317 534 omnes
1344 495 1494 534 dicunt]

1142 560 1376 601 Caesarem.

860 626 890 665 C
899 640 923 664 a
932 640 953 664 e
961 640 979 665 s
989 640 1013 664 a
1022 640 1053 664 r.

340 692 423 731 Cur
453 692 698 730 Caesarem?

788 757 829 794 H
839 770 860 794 e
868 770 888 794 r
899 770 941 794 m
950 770 975 795 a
982 770 1011 794 n
1018 769 1047 794 n
1056 770 1083 795 u
1091 770 1123 795 s.

735 821 844 868 Quia
873 821 946 871 huj
952 834 1000 860 us
1028 822 1194 872 imperii
1222 821 1506 860 fundamenta

1085 889 1228 937 posuit

340 952 505 991 Caesar.

859 1016 890 1055 O
898 1030 922 1055 a
930 1030 952 1055 e
960 1030 978 1055 s
988 1031 1012 1055 a
1021 1031 1052 1055 r.

543 1082 586 1120 Is
615 1095 691 1132 ego
721 1095 827 1128 sum,
861 1083 933 1132 qui
964 1082 1167 1133 Pompejo
1198 1083 1313 1121 victo
1343 1083 1387 1120 in
1416 1083 1503 1121 acie

1113 1147 1356 1186 Pharsalica

262 1224 323 1249 900
342 1213 491 1251 Totius
521 1212 632 1251 orbis
663 1216 871 1251 terrarum
900 1213 1064 1263 potitus
1093 1226 1200 1251 sum.

790 1311 1125 1349 Hermannus.

1114 1376 1170 1414 Et
1200 1376 1336 1426 potire
1367 1375 1519 1414 adhuc.

860 1441 1053 1480 Caesar.

343 1507 488 1546 Gestio
516 1507 721 1545 mehercle
750 1507 910 1545 famam
938 1507 1120 1545 nominis
1148 1507 1229 1545 mei
1259 1497 1382 1545 tanto

1116 1576 1356 1622 temporum

343 1637 575 1676 Intervallo
605 1642 901 1676 conservatam
931 1641 974 1675 et
1005 1637 1059 1676 ad
1088 1637 1197 1675 hanc
1228 1650 1361 1687 usque
1392 1638 1546 1675 aetatis

1114 1703 1363 1741 memoriam

342 1768 629 1819 Propagatam
657 1780 759 1806 esse.

790 1833 1124 1872 Hermannus.

815 1898 885 1936 Ita
909 1902 992 1945 est3
1019 1911 1155 1948 neque
1180 1899 1293 1936 enim
1318 1897 1517 1936 Germani

1112 1964 1370 2013 superiorem
1399 1963 1523 2001 hodie

341 2028 590 2079 Agnoscunt
620 2028 814 2066 Romano
846 2028 1033 2067 Caesare.

859 2126 889 2165 C
897 2140 922 2164 a
930 2141 951 2165 e
960 2141 978 2165 s
988 2141 1011 2165 a
1021 2141 1051 2166 r.

1058 2193 1137 2231 Pro
1167 2192 1196 2231 J
1199 2193 1379 2244 uppiter,
1412 2192 1515 2242 quid

1112 2258 1239 2296 audio
1250 2259 1264 2296 2

788 2321 830 2359 H
839 2335 860 2359 e
869 2335 888 2359 r
900 2335 940 2359 m
951 2336 975 2360 a
982 2335 1010 2360 n
1019 2336 1046 2360 n
1056 2336 1082 2360 u
1091 2336 1123 2361 s.

263 2397 318 2423 905
343 2386 466 2433 Quod
495 2399 642 2424 verum
673 2390 750 2425 est.
