1756 2671
400 119 658 165 FRISCHLINVS,
685 118 814 147 JVLIVS
834 118 1046 149 REDIVlvvs.
1084 118 1102 148 Ι,
1124 117 1146 143 l.
1417 120 1438 152 q

204 230 351 281 Neque
385 244 488 269 saxa
517 244 538 268 e
571 230 801 280 catapultis
832 230 1052 279 juncturas
1084 229 1295 278 parietum

204 297 422 334 Discutere
456 308 591 346 neque
626 299 840 334 tormenta
873 295 1046 332 traicere
1082 297 1243 343 queunt

203 362 350 412 Neque
383 365 556 411 propter
586 361 857 399 latitudinem
888 359 1023 398 fossae
1057 359 1156 396 urbs
1187 359 1295 408 capi.

725 443 910 481 Cicero.

205 509 272 547 An
299 523 384 548 non
410 509 559 547 eadem
587 509 737 554 forma,
767 508 931 553 Caesar,
961 508 1049 557 jam
1078 506 1177 545 olim
1205 508 1353 544 erant}

719 591 912 629 Caesar.

121 668 173 692 170
200 657 370 695 Minime
402 657 605 695 omnium.

721 721 906 760 Cicero.

634 787 827 834 Quanam
852 787 993 837 igitur,
1021 785 1206 823 obsecro.

715 869 910 908 Caesar.

1228 932 1389 971 Trabes

198 1001 393 1039 Directas
422 1000 688 1039 collocabant
717 1002 761 1038 in
791 1000 891 1045 solo,
924 999 1051 1050 pedes

196 1066 326 1105 Binos
355 1066 529 1116 paribus
557 1067 668 1103 inter
697 1079 738 1103 se
770 1067 812 1103 in
841 1064 1149 1115 longitudinem

194 1131 415 1169 Distantes
444 1131 690 1169 intervallis.

716 1208 747 1246 C
756 1208 767 1244 i
776 1221 796 1245 c
807 1220 827 1245 e
837 1221 855 1245 r
864 1221 901 1245 o.

737 1273 939 1311 Nondum
970 1272 1179 1322 intellego.

713 1362 744 1400 C
753 1375 777 1399 a
786 1374 807 1399 e
815 1374 834 1398 s
843 1374 867 1399 a
877 1374 908 1398 r.

193 1427 277 1465 Eas
307 1426 598 1465 revinciebant
626 1431 856 1464 extrorsus.

715 1503 901 1541 Cicero.

901 1568 1049 1606 Probe.

712 1640 907 1677 Caesar.

112 1716 162 1741 175
193 1705 250 1743 Et
279 1705 415 1743 multo
445 1718 593 1756 aggere
624 1705 853 1750 vestibant,
886 1709 979 1742 tum
1009 1703 1234 1742 intervalla
1262 1717 1313 1741 ea

193 1770 245 1808 In
269 1770 408 1809 fronte
435 1772 548 1809 saxis
572 1770 803 1821 grandibus
829 1774 956 1819 atque
984 1769 1197 1819 lapidibus

194 1835 487 1874 Effarciebant
515 1840 559 1874 et
589 1849 757 1874 murum
788 1835 974 1885 undique
1006 1835 1194 1872 turribus

194 1900 554 1940 Contabulabant.

716 1971 901 2010 Cicero.

601 2037 659 2075 At
689 2036 824 2075 multo
854 2037 977 2075 hodie
1009 2037 1247 2075 accuratius

193 2102 409 2141 Adversus
438 2102 625 2141 hostium
656 2103 742 2140 vim
774 2102 1004 2140 aedificant
1033 2102 1075 2139 hi
1106 2101 1235 2151 popli.

711 2190 904 2228 Caesar.

113 2267 169 2290 180
196 2255 308 2294 Olim
337 2268 455 2293 casas
484 2255 798 2301 inhabitabant,
832 2268 939 2305 quae
970 2268 1083 2293 more
1115 2254 1274 2293 Gallico

195 2320 449 2359 Stramentis
476 2324 613 2358 tectae
639 2324 779 2365 erant;
808 2334 905 2358 nam
926 2334 1059 2370 neque
1079 2320 1287 2357 caementi
1313 2319 1427 2368 apud

195 2385 295 2424 Illos
324 2398 459 2435 neque
491 2385 728 2435 tegularum
759 2399 858 2423 usus
886 2391 997 2423 erat:
1030 2386 1081 2422 ad
1107 2385 1250 2422 onmia
