1756 2671
371 103 632 136 FRISCHLINVS,
657 104 785 132 JVLIVS
807 105 1020 135 REDIVIVVS.
1059 106 1076 136 Ι,
1099 106 1119 131 l.
1366 109 1401 143 11

692 215 886 254 Caesar.

87 302 150 326 200
173 291 210 329 A
241 291 532 331 Rauracorum
559 295 603 329 et
633 291 929 330 Helvetiorum
958 291 1117 331 finibus

89 627 145 652 ‘205

90 954 145 978 210

173 356 391 407 Rectaque
421 356 610 395 fluminis
640 356 840 401 Danubii,
874 358 987 407 quod
1017 359 1159 399 sciam,

173 421 359 472 Regione
389 423 657 472 pertinetque
689 423 744 460 ad
772 422 879 460 fines
910 423 1135 461 Anartium

173 487 229 524 Et
254 487 480 525 Dacorum.
535 487 645 526 Hinc
671 488 934 526 sinistrorsus
960 488 1195 527 reflectitur

171 551 360 590 Diversis
390 552 444 590 ab
472 566 521 591 eo
551 553 726 591 flumine
758 553 997 603 regionibus

173 617 229 654 Et
258 621 433 668 propter
462 618 800 669 magnitudinem
830 619 918 667 jam
948 620 1187 669 antiquitus

171 681 296 720 Fines
326 683 568 734 attingebat
598 683 830 722 multarum
859 685 1064 734 gentium.

171 747 224 785 In
252 748 359 786 hanc
390 748 590 787 Germani
619 750 829 799 congressi
859 751 944 787 acie
976 763 1073 788 cum
1104 750 1296 788 hostibus

171 812 222 851 Se
251 813 484 852 identidem
514 815 696 864 recipere
728 814 922 852 solebant
952 815 1007 852 ad
1036 829 1132 853 suos

170 877 230 916 Ac
261 891 404 917 rursus
432 892 453 916 e
485 879 601 917 silvis
630 879 674 917 in
703 884 869 917 nostros
899 881 1108 930 impetum

171 943 323 981 Facere
354 957 490 994 neque
522 948 615 983 tum
644 945 779 983 nostri
809 946 991 983 victores
1020 945 1183 996 longius

172 1008 310 1054 Quam
344 1013 553 1059 quantum
588 1010 642 1047 ad
675 1009 807 1048 finem
839 1012 976 1060 gentis
1010 1016 1204 1061 porrecta
1237 1016 1280 1049 et
1313 1012 1405 1050 loca

171 1073 333 1124 Aperta
360 1074 646 1125 pertinebant,
679 1076 899 1113 cedentem
928 1077 1093 1125 insequi

172 1139 351 1178 Hostem
381 1140 612 1179 audebant.

693 1229 877 1268 Cicero.

629 1294 736 1333 Sane
756 1295 832 1333 hoc
853 1295 1037 1344 prudens
1055 1296 1277 1334 consilium
1295 1305 1404 1335 erat.

689 1383 882 1421 Caesar.

172 1447 333 1485 Eadem
359 1447 461 1486 haec
489 1448 597 1486 silva
624 1448 724 1486 olim
750 1461 826 1498 pro
854 1450 1001 1486 nativo
1029 1450 1189 1498 pariete

170 1512 374 1562 Muroque
405 1513 553 1552 Suebis
582 1517 673 1552 erat
704 1514 907 1551 adversus
935 1514 1089 1551 efferos

170 1577 400 1617 Cheruscos
429 1578 612 1628 objecta.

703 1662 888 1700 Cicero.

659 1727 850 1777 Apparet
881 1727 1090 1765 videlicet.

688 1815 881 1853 Caesar.

171 1890 324 1941 Magno
358 1892 452 1928 usui
486 1891 589 1929 mihi
621 1891 704 1929 fuit
737 1891 838 1929 haec
872 1891 976 1933 loca,
1012 1892 1182 1941 oppida,

171 1955 325 1993 Aditus
357 1969 618 2006 cognoscere,
653 1969 784 2007 genus
818 1958 1051 2007 perspicere
1085 1957 1318 1998 hominum.

171 2020 346 2059 Nullum
378 2035 402 2059 a
433 2021 574 2059 labore
607 2025 775 2071 tenipus
806 2023 1102 2061 intermittere,

170 2085 320 2131 Mores,
350 2087 520 2137 ingenia
546 2090 590 2124 et
620 2087 783 2125 cultum
812 2087 983 2125 discere.

695 2175 879 2213 Cicero.

1041 2240 1128 2287 Ego
1160 2240 1325 2278 hercule

171 2303 336 2342 Crebris
366 2304 553 2343 solebam
584 2318 784 2354 usurpare
816 2305 892 2343 hoc
924 2305 1188 2343 sermonibus

171 2368 254 2407 Tot
283 2369 638 2419 disjunctissimas
669 2374 801 2408 terras
831 2371 955 2408 citius
986 2372 1070 2408 tuis
