1756 2671
688 107 997 134 PlssLlOGRAvfflfi.
1353 107 1501 142 LXXVII

175 216 324 259 integra
356 214 465 248 nobis
499 223 737 258 composuere
771 212 973 245 volumina.
1038 212 1120 245 Meo
1156 211 1306 254 quidem
1340 210 1503 243 Ciceroni

178 262 315 295 mirum
335 264 392 294 est
411 261 563 305 reperiri
582 260 621 292 in
641 259 840 292 Germania
860 258 1042 296 Socrates,
1062 257 1250 296 Platones,
1272 256 1503 292 Aristoteles,

177 307 337 346 Laelios,
368 306 594 345 Tuberones,
625 304 833 343 Trebatios,
864 303 1070 337 Praxiteles
1100 307 1138 336 et
1169 303 1372 347 Sosigenes.
1434 302 1504 342 Qui
1541 325 1546 335 «

172 357 306 388 autem
338 353 403 386 isti
435 353 511 386 sint
544 355 609 385 aut
644 350 779 395 quibus
812 349 1047 394 appellentur
1080 348 1305 389 nominibus,
1339 349 1408 382 hoc
1442 349 1505 392 qui

176 400 295 433 nescit
321 399 353 432 is
377 399 500 433 discat
524 409 570 432 ex
596 397 751 431 aliorum
778 397 932 441 integris
958 395 1221 429 voluminibus.
1272 396 1342 430 Sed
1369 396 1417 429 ad
1444 405 1504 427 ve-

175 449 298 479 strum
317 445 510 479 theatrum
529 446 652 483 redeo,
673 444 712 476 in
732 454 804 487 quo
824 444 855 475 si
874 441 1097 486 applausum
1116 442 1302 475 invenerit
1322 451 1426 474 meus
1442 441 1504 473 hic

175 491 316 531 Julius,
350 492 519 524 animum
553 490 702 524 addetis
738 489 843 528 mihi,
879 494 921 522 ut·
955 489 993 521 in
1028 488 1096 522 hoc
1131 487 1342 532 argumenti
1375 497 1505 531 genere

178 538 322 580 majora
346 538 552 581 aggrediar.
602 535 797 570 Delineavi
820 535 895 568 iani
921 534 1009 568 olim
1035 545 1101 578 pro
1126 535 1299 567 Terentio
1324 535 1398 567 isto
1423 544 1504 577 pro—

175 584 279 624 fano,
301 584 340 616 in
362 594 435 626 quo
457 583 563 627 pueri
583 583 734 616 diseunt
757 585 856 615 artes
872 581 1110 614 meretricias.
1126 580 1321 614 delineavi,
1337 580 1503 623 inquam.

177 630 417 669 Eunuchum,
438 629 627 673 Adelphos
647 632 683 660 et
707 628 1176 666 Heautontimorumenon,
1197 630 1274 659 tres
1295 626 1507 660 comoedias

176 687 294 710 novas
319 680 355 709 et
382 686 519 714 sacras,
546 675 584 708 in
611 674 745 718 quibus
770 675 891 708 omnis
917 673 1075 706 historia
1099 673 1254 716 ,Josephi
1279 672 1503 706 continetur.

176 722 275 756 Nam
292 723 330 755 in
347 722 529 755 Eunucho
546 721 746 765 exponitur
764 720 921 753 historia
940 720 1095 763 Josephi
1110 719 1258 753 venditi
1274 731 1296 752 a
1312 717 1504 753 fratribus.

175 769 295 803 amati
329 772 367 801 et
402 768 542 811 proditi
575 780 596 800 a
631 766 848 810 Putipharis
883 776 1008 805 uxore,
1044 766 1204 808 conjecti
1237 766 1275 797 in
1309 775 1504 800 carcerem.

174 814 327 848 liberati
349 826 371 847 a
393 814 588 847 Pharaone
612 818 645 846 et
673 813 874 847 constituti
897 812 935 844 in
958 812 1163 855 principem
1187 812 1308 845 locuni
1332 811 1371 843 in
1393 821 1504 854 regno

177 860 352 905 Aegypti.
394 861 439 893 In
460 859 642 903 Adelphis
663 860 904 902 negotiantur
923 857 1060 891 fratres
1081 857 1235 902 Josephi
1255 858 1294 890 in
1315 857 1502 900 Aegypto:

175 907 328 941 Simeon
350 906 497 941 luditur
521 918 542 939 a
567 906 779 949 Serapione,
804 915 910 937 servo
934 904 1089 947 Josephi
1112 908 1147 937 et
1174 905 1340 945 ejusdem
1367 903 1504 936 Graece

175 953 364 996 loquentis
402 953 625 995 interprete:
665 952 764 985 idem
805 950 987 984 conicitur
1026 951 1064 983 in
1104 950 1264 985 vincula.
1305 949 1505 982 adducitur

177 999 389 1042 Benjamin,
418 999 467 1032 ad
494 1001 705 1032 extremum
733 995 919 1040 Josephus
953 1007 1097 1029 summa
1134 1008 1216 1029 cum
1252 995 1504 1039 gratulatione

176 1057 198 1079 a
214 1044 395 1078 fratribus
412 1044 638 1089 agnoscitur.
672 1044 715 1076 In
733 1043 1163 1076 Heantontimorumeno
1173 1041 1337 1075 -Jacobus
1353 1046 1505 1085 propter

170 1091 383 1136 josephum
414 1092 492 1134 jam
520 1090 609 1123 olim
636 1090 818 1122 amissum
845 1093 882 1122 et
910 1093 1061 1132 propter
1081 1089 1290 1122 Simeonem
1310 1087 1503 1131 captivum

175 1142 214 1171 et
248 1141 400 1182 propter
433 1137 641 1170 abductum
675 1135 933 1178 Benjaminem
968 1146 1005 1166 se
1039 1136 1161 1178 ipsum
1194 1134 1401 1172 exc-ruciat;
1435 1132 1507 1166 filii

175 1185 315 1217 reversi
360 1194 406 1217 ex
452 1183 623 1226 Aegypto
664 1187 809 1226 patrem
849 1181 1056 1215 laetissimo
1103 1182 1234 1213 nuntio
1280 1179 1503 1215 exhilarant.

172 1230 314 1265 dubius
339 1234 445 1273 pater
469 1231 515 1263 de
540 1228 768 1272 profectione
794 1228 1038 1260 confirmatur
1063 1240 1082 1260 a
1106 1227 1249 1260 Jehova
1283 1232 1317 1259 et
1352 1227 1504 1260 tandem

177 1288 199 1310 a
226 1276 390 1320 Josepho
417 1280 454 1309 et
483 1287 504 1308 a
531 1275 724 1309 Pharaone
759 1285 869 1307 senex
898 1278 1005 1317 pater
1036 1285 1181 1306 summo
1210 1284 1293 1305 cum
1322 1271 1505 1316 applausu

176 1323 344 1357 omnium
372 1322 641 1366 Aegyptiorum
670 1320 866 1364 excipitur.
909 1320 1133 1363 Consignavi
1161 1320 1277 1352 etiam
1304 1319 1503 1361 Hecyram,

175 1370 215 1402 in
251 1380 324 1412 qua
360 1369 519 1402 historia
556 1367 661 1401 Ruth
697 1366 906 1410 explicatur
941 1370 975 1398 et
1015 1366 1053 1398 in
1075 1376 1247 1397 scaenam
1272 1364 1502 1408 producitur.

174 1415 317 1449 Verum
340 1420 383 1447 ut
407 1415 474 1448 has
498 1414 711 1447 comoedias
736 1424 808 1446 non
833 1412 1064 1445 absolverem
1090 1412 1282 1445 hactenus.
1308 1410 1396 1443 fecit
1422 1415 1505 1443 tum

175 1461 425 1495 infortunium
457 1461 647 1504 quoddam
682 1470 804 1492 meum
836 1464 873 1491 et
907 1470 984 1492 mea
1019 1457 1079 1491 illa
1113 1459 1150 1490 in
1182 1457 1272 1490 locis
1304 1457 1506 1501 peregrinis

176 1508 319 1551 negotii
342 1507 450 1551 plena
473 1507 565 1540 vita.
614 1505 709 1539 Nam
733 1505 781 1538 ad
811 1505 1025 1547 hujusmodi
1054 1504 1274 1547 scriptiones
1303 1503 1507 1546 requiritur

177 1565 253 1588 non
288 1555 397 1588 modo
431 1564 618 1586 summum
653 1552 786 1586 otium.
821 1562 967 1583 summa
1002 1551 1104 1584 vitae
1137 1549 1406 1592 tranquillitas,
1441 1550 1505 1582 sed

173 1601 295 1634 etiam
347 1599 507 1643 benigna-
558 1599 817 1631 Maecenatum
861 1596 1079 1631 liberalitas,
1123 1597 1201 1629 sine
1247 1606 1317 1639 qua
1364 1594 1504 1628 nullum

177 1656 345 1689 unquam
387 1645 576 1690 ingenium
619 1643 849 1688 praeclarum
892 1643 1014 1687 potuit
1058 1643 1157 1675 vires
1198 1653 1284 1675 suas
1325 1652 1504 1674 exercere.

179 1692 303 1735 Atque
326 1692 395 1725 hae
417 1702 550 1725 causae
573 1695 672 1725 sunt.
697 1694 849 1733 propter
872 1700 965 1733 quas
988 1690 1176 1732 inceptam
1200 1687 1301 1720 illam
1326 1692 1506 1730 quattuor

179 1739 468 1776 comoediarum,
504 1748 596 1780 quas
634 1737 724 1771 dixi.
765 1736 878 1768 telam
914 1745 1009 1768 nunc
1043 1745 1151 1778 cogor
1189 1738 1354 1767 retexere
1394 1738 1506 1777 atque

176 1784 330 1818 omnino
352 1783 507 1817 abicere.
564 1783 647 1816 Non
668 1783 766 1815 enim
787 1781 888 1814 fruor
910 1782 984 1814 iam
1006 1781 1067 1813 illa
1090 1781 1193 1813 vitae
1215 1779 1505 1822 tranquillitate.

176 1842 255 1874 qua
273 1829 422 1863 fruebar
441 1829 540 1865 olim,
569 1840 653 1862 cum
673 1828 881 1862 Rebeccam
906 1833 943 1861 et
970 1827 1177 1860 Susannam
1204 1831 1241 1859 et
1263 1825 1507 1868 Hildegardin

179 1881 217 1910 et
250 1877 480 1910 Prisc-janum
511 1875 762 1920 vapulantem
794 1874 987 1907 scriberem
1015 1877 1081 1906 aut
1107 1884 1190 1906 cum
1218 1872 1503 1915 Aristophanem

180 1922 390 1956 Latinitate
421 1923 610 1956 donarem.
676 1921 755 1961 Qua
787 1931 824 1954 re
857 1919 1063 1954 consimilia
1096 1919 1256 1952 illorum.
1291 1929 1384 1961 quae
1416 1922 1504 1949 tune

174 1969 322 2013 scripsi,
352 1969 417 2001 vix
441 1980 461 2000 a
490 1978 547 2000 me
575 1968 645 2000 nisi
671 1968 710 2000 in
735 1966 988 2009 tranquilliori
1015 1966 1100 1999 vita.
1126 1966 1248 2009 posito
1267 1964 1407 1997 tentari
1434 1963 1508 1996 iam

179 2019 348 2060 possunt.
411 2014 519 2054 Quod
548 2024 633 2057 ergo
664 2013 847 2056 reliquum
877 2017 946 2051 est,
978 2023 1041 2044 oro
1073 2022 1151 2047 vos,
1184 2011 1255 2043 viri
1286 2009 1510 2042 nobilissimi

178 2065 218 2095 et
248 2060 470 2104 amplissimi
500 2059 868 2103 prudentissimique,
900 2064 940 2092 ut
973 2058 1117 2091 Julium
1150 2068 1268 2089 meum
1302 2067 1320 2087 e
1353 2055 1510 2088 mortuis

180 2107 446 2140 resuscitatum
476 2116 542 2150 pro
572 2110 697 2138 vestra
729 2104 927 2137 clementia
958 2110 993 2137 et
1025 2104 1321 2146 aequanimitate
1353 2101 1508 2144 benigne

180 2152 355 2187 habeatis
383 2163 515 2195 meque
542 2152 581 2184 in
607 2156 773 2184 vestram
800 2151 961 2184 tutelam
987 2154 1023 2182 et
1054 2150 1304 2193 patrocinium
1332 2146 1508 2180 benevole

178 2198 409 2243 suscipiatis.
457 2198 541 2231 Etsi
564 2197 663 2230 enim
687 2208 772 2230 suos
798 2196 934 2240 ubique
958 2200 1143 2229 terrarum
1168 2201 1345 2238 patronos
1369 2192 1508 2226 habent

179 2250 282 2278 artes
304 2249 341 2277 et·
362 2243 506 2277 literae.
528 2248 657 2276 tamen
680 2254 780 2275 meas
803 2253 949 2286 quoque
971 2243 1098 2275 literas
1121 2242 1158 2274 in
1181 2242 1248 2274 hac
1271 2239 1509 2272 celeberrima

179 2292 300 2325 totius
349 2290 496 2334 imperii
539 2289 747 2322 Germanici
790 2288 879 2322 urbe
922 2288 1057 2321 habere
1100 2294 1276 2331 patronos
1318 2284 1508 2329 pervelim.

276 2393 334 2424 114)
356 2393 445 2419 Errat.
468 2394 611 2418 'exerere-¹.

1541 541 1575 567 90

1541 773 1574 799 95

1527 1005 1575 1031 100

1526 1235 1574 1261 105

1527 1466 1575 1492 110

1530 1697 1576 1722 115

1528 1927 1577 1953 120

1530 2157 1578 2184 125
