<?xml version="1.0" encoding="UTF-8"?>
<!DOCTYPE html PUBLIC "-//W3C//DTD XHTML 1.0 Transitional//EN"
    "http://www.w3.org/TR/xhtml1/DTD/xhtml1-transitional.dtd">
<html xmlns="http://www.w3.org/1999/xhtml" xml:lang="en" lang="en">
 <head>
  <title>
</title>
<meta http-equiv="Content-Type" content="text/html;charset=utf-8" />
  <meta name='ocr-system' content='tesseract 3.04.00' />
  <meta name='ocr-capabilities' content='ocr_page ocr_carea ocr_par ocr_line ocrx_word'/>
</head>
<body>
  <div class='ocr_page' id='page_1' title='image "./jvlivsredivivvs00frisuoft_0121.png"; bbox 0 0 1722 2663; ppageno 0'>
   <div class='ocr_carea' id='block_1_1' title="bbox 385 116 1413 152">
    <p class='ocr_par' dir='ltr' id='par_1_1' title="bbox 385 116 1413 152">
     <span class='ocr_line' id='line_1_1' title="bbox 385 116 1413 152; baseline -0.004 -6"><span class='ocrx_word' id='word_1_1' title='bbox 385 117 645 150; x_wconf 85' lang='lat' dir='ltr'>FRlSCHLINVS,</span> <span class='ocrx_word' id='word_1_2' title='bbox 673 117 802 145; x_wconf 83' lang='lat' dir='ltr'>JVLIVS</span> <span class='ocrx_word' id='word_1_3' title='bbox 822 116 1034 147; x_wconf 83' lang='lat' dir='ltr'>REDIVIVVS.</span> <span class='ocrx_word' id='word_1_4' title='bbox 1072 117 1090 148; x_wconf 85' lang='lat'>1,</span> <span class='ocrx_word' id='word_1_5' title='bbox 1109 116 1133 143; x_wconf 85' lang='lat'>2.</span> <span class='ocrx_word' id='word_1_6' title='bbox 1369 119 1413 152; x_wconf 77' lang='lat'>⁴25</span> 
     </span>
    </p>
   </div>
   <div class='ocr_carea' id='block_1_2' title="bbox 95 227 1414 342">
    <p class='ocr_par' dir='ltr' id='par_1_2' title="bbox 95 227 1414 342">
     <span class='ocr_line' id='line_1_2' title="bbox 95 227 1414 278; baseline -0.002 -11"><span class='ocrx_word' id='word_1_7' title='bbox 95 242 150 267; x_wconf 81' lang='lat'>395</span> <span class='ocrx_word' id='word_1_8' title='bbox 176 230 401 269; x_wconf 79' lang='lat' dir='ltr'>Neminem</span> <span class='ocrx_word' id='word_1_9' title='bbox 420 231 464 267; x_wconf 91' lang='lat' dir='ltr'>in</span> <span class='ocrx_word' id='word_1_10' title='bbox 484 230 607 267; x_wconf 82' lang='lat' dir='ltr'>terris</span> <span class='ocrx_word' id='word_1_11' title='bbox 625 241 714 266; x_wconf 86' lang='lat' dir='ltr'>esse</span> <span class='ocrx_word' id='word_1_12' title='bbox 735 228 944 278; x_wconf 89' lang='lat' dir='ltr'>reliquum</span> <span class='ocrx_word' id='word_1_13' title='bbox 965 227 1159 273; x_wconf 82' lang='lat' dir='ltr'><strong>arbitror,</strong></span> <span class='ocrx_word' id='word_1_14' title='bbox 1183 240 1307 277; x_wconf 88' lang='lat' dir='ltr'>quem</span> <span class='ocrx_word' id='word_1_15' title='bbox 1330 241 1414 265; x_wconf 87' lang='lat' dir='ltr'>non</span> 
     </span>
     <span class='ocr_line' id='line_1_3' title="bbox 937 296 1097 342; baseline 0 -13"><span class='ocrx_word' id='word_1_16' title='bbox 937 296 1097 342; x_wconf 85' lang='lat' dir='ltr'>queant</span> 
     </span>
    </p>
   </div>
   <div class='ocr_carea' id='block_1_3' title="bbox 176 361 925 540">
    <p class='ocr_par' dir='ltr' id='par_1_3' title="bbox 176 361 925 540">
     <span class='ocr_line' id='line_1_4' title="bbox 176 361 555 410; baseline 0 -12"><span class='ocrx_word' id='word_1_17' title='bbox 176 361 315 398; x_wconf 86' lang='lat' dir='ltr'>Armis</span> <span class='ocrx_word' id='word_1_18' title='bbox 344 372 555 410; x_wconf 84' lang='lat' dir='ltr'>superare.</span> 
     </span>
     <span class='ocr_line' id='line_1_5' title="bbox 660 436 845 473; baseline 0 0"><span class='ocrx_word' id='word_1_19' title='bbox 660 436 845 473; x_wconf 85' lang='lat' dir='ltr'>Cicero.</span> 
     </span>
     <span class='ocr_line' id='line_1_6' title="bbox 505 500 925 540; baseline -0.005 0"><span class='ocrx_word' id='word_1_20' title='bbox 505 501 617 540; x_wconf 78' lang='lat' dir='ltr'>Satis</span> <span class='ocrx_word' id='word_1_21' title='bbox 647 500 925 539; x_wconf 71' lang='lat' dir='ltr'>confidenter.</span> 
     </span>
    </p>
   </div>
   <div class='ocr_carea' id='block_1_4' title="bbox 567 589 1244 693">
    <p class='ocr_par' dir='ltr' id='par_1_4' title="bbox 567 589 1244 693">
     <span class='ocr_line' id='line_1_7' title="bbox 567 589 903 627; baseline 0 -1"><span class='ocrx_word' id='word_1_22' title='bbox 567 589 903 627; x_wconf 79' lang='lat' dir='ltr'>Hermannus.</span> 
     </span>
     <span class='ocr_line' id='line_1_8' title="bbox 912 653 1244 693; baseline -0.006 0"><span class='ocrx_word' id='word_1_23' title='bbox 912 654 1028 693; x_wconf 77' lang='lat' dir='ltr'>Sicut</span> <span class='ocrx_word' id='word_1_24' title='bbox 1064 653 1244 691; x_wconf 86' lang='lat' dir='ltr'>militem</span> 
     </span>
    </p>
   </div>
   <div class='ocr_carea' id='block_1_5' title="bbox 175 720 1414 963">
    <p class='ocr_par' dir='ltr' id='par_1_5' title="bbox 175 720 1414 963">
     <span class='ocr_line' id='line_1_9' title="bbox 175 720 601 760; baseline -0.007 0"><span class='ocrx_word' id='word_1_25' title='bbox 175 721 436 760; x_wconf 82' lang='lat' dir='ltr'>Germanum</span> <span class='ocrx_word' id='word_1_26' title='bbox 466 720 601 758; x_wconf 85' lang='lat' dir='ltr'>decet.</span> 
     </span>
     <span class='ocr_line' id='line_1_10' title="bbox 669 796 863 834; baseline -0.005 0"><span class='ocrx_word' id='word_1_27' title='bbox 669 796 863 834; x_wconf 74' lang='lat' dir='ltr'>Caesar.</span> 
     </span>
     <span class='ocr_line' id='line_1_11' title="bbox 610 860 1414 908; baseline -0.002 -9"><span class='ocrx_word' id='word_1_28' title='bbox 610 861 721 908; x_wconf 84' lang='lat' dir='ltr'>Quid</span> <span class='ocrx_word' id='word_1_29' title='bbox 745 874 843 899; x_wconf 85' lang='lat' dir='ltr'>vero</span> <span class='ocrx_word' id='word_1_30' title='bbox 866 861 967 899; x_wconf 83' lang='lat' dir='ltr'>haec</span> <span class='ocrx_word' id='word_1_31' title='bbox 992 874 1110 898; x_wconf 86' lang='lat' dir='ltr'>arma</span> <span class='ocrx_word' id='word_1_32' title='bbox 1132 860 1211 898; x_wconf 76' lang='lat' dir='ltr'>sibi</span> <span class='ocrx_word' id='word_1_33' title='bbox 1235 860 1414 898; x_wconf 65' lang='lat' dir='ltr'>volunt(</span> 
     </span>
     <span class='ocr_line' id='line_1_12' title="bbox 912 925 1036 963; baseline 0.008 -1"><span class='ocrx_word' id='word_1_34' title='bbox 912 925 1036 963; x_wconf 58' lang='lat' dir='ltr'>cedo.</span> 
     </span>
    </p>
   </div>
   <div class='ocr_carea' id='block_1_6' title="bbox 175 1003 1411 1254">
    <p class='ocr_par' dir='ltr' id='par_1_6' title="bbox 175 1003 1411 1254">
     <span class='ocr_line' id='line_1_13' title="bbox 600 1003 937 1041; baseline -0.003 -1"><span class='ocrx_word' id='word_1_35' title='bbox 600 1003 751 1041; x_wconf 87' lang='lat' dir='ltr'>Herm</span> <span class='ocrx_word' id='word_1_36' title='bbox 763 1015 937 1040; x_wconf 79' lang='lat' dir='ltr'>annus.</span> 
     </span>
     <span class='ocr_line' id='line_1_14' title="bbox 175 1069 570 1119; baseline -0.003 -12"><span class='ocrx_word' id='word_1_37' title='bbox 175 1069 281 1107; x_wconf 87' lang='lat' dir='ltr'>Belli</span> <span class='ocrx_word' id='word_1_38' title='bbox 309 1070 429 1119; x_wconf 83' lang='lat' dir='ltr'>signa</span> <span class='ocrx_word' id='word_1_39' title='bbox 457 1072 570 1106; x_wconf 77' lang='lat' dir='ltr'>sunt.</span> 
     </span>
     <span class='ocr_line' id='line_1_15' title="bbox 655 1140 848 1178; baseline -0.01 0"><span class='ocrx_word' id='word_1_40' title='bbox 655 1140 685 1178; x_wconf 88' lang='lat' dir='ltr'>C</span> <span class='ocrx_word' id='word_1_41' title='bbox 693 1153 717 1177; x_wconf 88' lang='lat' dir='ltr'>a</span> <span class='ocrx_word' id='word_1_42' title='bbox 727 1153 748 1177; x_wconf 86' lang='lat' dir='ltr'>e.</span> <span class='ocrx_word' id='word_1_43' title='bbox 756 1153 775 1177; x_wconf 79' lang='lat' dir='ltr'><strong>s</strong></span> <span class='ocrx_word' id='word_1_44' title='bbox 785 1152 809 1176; x_wconf 87' lang='lat' dir='ltr'>a</span> <span class='ocrx_word' id='word_1_45' title='bbox 819 1153 848 1176; x_wconf 92' lang='lat' dir='ltr'>r.</span> 
     </span>
     <span class='ocr_line' id='line_1_16' title="bbox 614 1203 1411 1254; baseline -0.003 -12"><span class='ocrx_word' id='word_1_46' title='bbox 614 1205 718 1250; x_wconf 85' lang='lat' dir='ltr'>Eho,</span> <span class='ocrx_word' id='word_1_47' title='bbox 737 1218 791 1242; x_wconf 86' lang='lat' dir='ltr'>an</span> <span class='ocrx_word' id='word_1_48' title='bbox 809 1218 893 1242; x_wconf 91' lang='lat' dir='ltr'>non</span> <span class='ocrx_word' id='word_1_49' title='bbox 908 1208 1063 1254; x_wconf 81' lang='lat' dir='ltr'>pacata</span> <span class='ocrx_word' id='word_1_50' title='bbox 1077 1208 1142 1241; x_wconf 77' lang='lat' dir='ltr'>est</span> <span class='ocrx_word' id='word_1_51' title='bbox 1158 1203 1411 1242; x_wconf 68' lang='lat' dir='ltr'>Germania(</span> 
     </span>
    </p>
   </div>
   <div class='ocr_carea' id='block_1_7' title="bbox 175 1294 1354 1410">
    <p class='ocr_par' dir='ltr' id='par_1_7' title="bbox 175 1294 1354 1410">
     <span class='ocr_line' id='line_1_17' title="bbox 659 1294 843 1332; baseline -0.005 0"><span class='ocrx_word' id='word_1_52' title='bbox 659 1294 843 1332; x_wconf 86' lang='lat' dir='ltr'>Cicero.</span> 
     </span>
     <span class='ocr_line' id='line_1_18' title="bbox 175 1357 1354 1410; baseline -0.004 -11"><span class='ocrx_word' id='word_1_53' title='bbox 175 1360 279 1399; x_wconf 83' lang='lat' dir='ltr'>Heri</span> <span class='ocrx_word' id='word_1_54' title='bbox 304 1359 598 1410; x_wconf 72' lang='lat' dir='ltr'>praevideram</span> <span class='ocrx_word' id='word_1_55' title='bbox 622 1372 698 1397; x_wconf 80' lang='lat' dir='ltr'>nos</span> <span class='ocrx_word' id='word_1_56' title='bbox 723 1372 808 1396; x_wconf 91' lang='lat' dir='ltr'>non</span> <span class='ocrx_word' id='word_1_57' title='bbox 832 1358 920 1396; x_wconf 88' lang='lat' dir='ltr'>fore</span> <span class='ocrx_word' id='word_1_58' title='bbox 947 1362 1064 1395; x_wconf 81' lang='lat' dir='ltr'>tutos</span> <span class='ocrx_word' id='word_1_59' title='bbox 1095 1371 1119 1396; x_wconf 87' lang='lat' dir='ltr'>a</span> <span class='ocrx_word' id='word_1_60' title='bbox 1144 1357 1329 1408; x_wconf 85' lang='lat' dir='ltr'>periculo</span> <span class='ocrx_word' id='word_1_61' title='bbox 1342 1360 1354 1394; x_wconf 73' lang='grc' dir='ltr'>’ζ</span> 
     </span>
    </p>
   </div>
   <div class='ocr_carea' id='block_1_8' title="bbox 92 1448 1411 1886">
    <p class='ocr_par' dir='ltr' id='par_1_8' title="bbox 92 1448 1411 1886">
     <span class='ocr_line' id='line_1_19' title="bbox 582 1448 921 1485; baseline -0.003 0"><span class='ocrx_word' id='word_1_62' title='bbox 582 1448 921 1485; x_wconf 73' lang='lat' dir='ltr'>Hermannus.</span> 
     </span>
     <span class='ocr_line' id='line_1_20' title="bbox 92 1510 1411 1564; baseline -0.005 -11"><span class='ocrx_word' id='word_1_63' title='bbox 92 1526 152 1550; x_wconf 81' lang='lat'>400</span> <span class='ocrx_word' id='word_1_64' title='bbox 175 1514 313 1553; x_wconf 91' lang='lat' dir='ltr'>Immo</span> <span class='ocrx_word' id='word_1_65' title='bbox 344 1517 500 1564; x_wconf 82' lang='lat' dir='ltr'>pacata</span> <span class='ocrx_word' id='word_1_66' title='bbox 527 1519 605 1558; x_wconf 78' lang='lat' dir='ltr'>est,</span> <span class='ocrx_word' id='word_1_67' title='bbox 638 1513 718 1550; x_wconf 77' lang='lat' dir='ltr'>nisi</span> <span class='ocrx_word' id='word_1_68' title='bbox 751 1513 864 1562; x_wconf 88' lang='lat' dir='ltr'>quod</span> <span class='ocrx_word' id='word_1_69' title='bbox 896 1512 1070 1562; x_wconf 85' lang='lat' dir='ltr'>quidam</span> <span class='ocrx_word' id='word_1_70' title='bbox 1099 1512 1233 1549; x_wconf 78' lang='lat' dir='ltr'>exteri</span> <span class='ocrx_word' id='word_1_71' title='bbox 1265 1510 1411 1560; x_wconf 88' lang='lat' dir='ltr'>populi</span> 
     </span>
     <span class='ocr_line' id='line_1_21' title="bbox 940 1577 1065 1615; baseline 0 0"><span class='ocrx_word' id='word_1_72' title='bbox 940 1577 1065 1615; x_wconf 91' lang='lat' dir='ltr'>modo</span> 
     </span>
     <span class='ocr_line' id='line_1_22' title="bbox 175 1642 1356 1694; baseline -0.004 -11"><span class='ocrx_word' id='word_1_73' title='bbox 175 1644 228 1683; x_wconf 91' lang='lat' dir='ltr'>In</span> <span class='ocrx_word' id='word_1_74' title='bbox 252 1644 360 1683; x_wconf 77' lang='lat' dir='ltr'>fines</span> <span class='ocrx_word' id='word_1_75' title='bbox 389 1643 615 1694; x_wconf 82' lang='lat' dir='ltr'>Belgarum</span> <span class='ocrx_word' id='word_1_76' title='bbox 642 1644 722 1680; x_wconf 79' lang='lat' dir='ltr'>iter</span> <span class='ocrx_word' id='word_1_77' title='bbox 748 1647 958 1680; x_wconf 78' lang='lat' dir='ltr'>conantur</span> <span class='ocrx_word' id='word_1_78' title='bbox 985 1656 1058 1692; x_wconf 82' lang='lat' dir='ltr'>per</span> <span class='ocrx_word' id='word_1_79' title='bbox 1085 1642 1356 1680; x_wconf 79' lang='lat' dir='ltr'>Germaniam</span> 
     </span>
     <span class='ocr_line' id='line_1_23' title="bbox 174 1709 343 1748; baseline 0 -1"><span class='ocrx_word' id='word_1_80' title='bbox 174 1709 343 1748; x_wconf 86' lang='lat' dir='ltr'>Facere.</span> 
     </span>
     <span class='ocr_line' id='line_1_24' title="bbox 657 1774 850 1812; baseline -0.005 0"><span class='ocrx_word' id='word_1_81' title='bbox 657 1774 850 1812; x_wconf 81' lang='lat' dir='ltr'>Caesar.</span> 
     </span>
     <span class='ocr_line' id='line_1_25' title="bbox 366 1838 1410 1886; baseline -0.004 -9"><span class='ocrx_word' id='word_1_82' title='bbox 366 1839 490 1886; x_wconf 80' lang='lat' dir='ltr'>Quid,</span> <span class='ocrx_word' id='word_1_83' title='bbox 517 1840 550 1877; x_wconf 85' lang='lat' dir='ltr'>si</span> <span class='ocrx_word' id='word_1_84' title='bbox 575 1843 796 1877; x_wconf 53' lang='lat' dir='ltr'>transeant&lt;</span> <span class='ocrx_word' id='word_1_85' title='bbox 821 1840 908 1876; x_wconf 80' lang='lat' dir='ltr'>sine</span> <span class='ocrx_word' id='word_1_86' title='bbox 935 1838 1139 1876; x_wconf 83' lang='lat' dir='ltr'>maleficio</span> <span class='ocrx_word' id='word_1_87' title='bbox 1162 1842 1206 1874; x_wconf 82' lang='lat' dir='ltr'>et</span> <span class='ocrx_word' id='word_1_88' title='bbox 1230 1838 1410 1886; x_wconf 63' lang='lat' dir='ltr'>injuria?</span> 
     </span>
    </p>
   </div>
   <div class='ocr_carea' id='block_1_9' title="bbox 91 1927 1414 2433">
    <p class='ocr_par' dir='ltr' id='par_1_9' title="bbox 91 1927 1414 2433">
     <span class='ocr_line' id='line_1_26' title="bbox 581 1927 918 1965; baseline 0 -1"><span class='ocrx_word' id='word_1_89' title='bbox 581 1927 918 1965; x_wconf 80' lang='lat' dir='ltr'>Hermannus.</span> 
     </span>
     <span class='ocr_line' id='line_1_27' title="bbox 175 1991 1411 2043; baseline -0.004 -12"><span class='ocrx_word' id='word_1_90' title='bbox 175 1994 266 2031; x_wconf 86' lang='lat' dir='ltr'>Hoc</span> <span class='ocrx_word' id='word_1_91' title='bbox 311 1993 484 2043; x_wconf 87' lang='lat' dir='ltr'>quidem</span> <span class='ocrx_word' id='word_1_92' title='bbox 513 1992 690 2042; x_wconf 81' lang='lat' dir='ltr'>polliciti</span> <span class='ocrx_word' id='word_1_93' title='bbox 725 1996 844 2035; x_wconf 52' lang='lat' dir='ltr'>sunm</span> <span class='ocrx_word' id='word_1_94' title='bbox 897 1992 969 2030; x_wconf 76' lang='lat' dir='ltr'>sed</span> <span class='ocrx_word' id='word_1_95' title='bbox 1021 1992 1211 2029; x_wconf 77' lang='lat' dir='ltr'>homines</span> <span class='ocrx_word' id='word_1_96' title='bbox 1241 1991 1411 2028; x_wconf 79' lang='lat' dir='ltr'>inimic-o</span> 
     </span>
     <span class='ocr_line' id='line_1_28' title="bbox 906 2057 1063 2094; baseline 0 0"><span class='ocrx_word' id='word_1_97' title='bbox 906 2057 1063 2094; x_wconf 46' lang='lat' dir='ltr'>scilieet¹</span> 
     </span>
     <span class='ocr_line' id='line_1_29' title="bbox 175 2120 1411 2173; baseline -0.004 -12"><span class='ocrx_word' id='word_1_98' title='bbox 175 2124 329 2161; x_wconf 88' lang='lat' dir='ltr'>Animo</span> <span class='ocrx_word' id='word_1_99' title='bbox 354 2125 586 2173; x_wconf 83' lang='lat' dir='ltr'>impetrata</span> <span class='ocrx_word' id='word_1_100' title='bbox 610 2122 815 2160; x_wconf 72' lang='lat' dir='ltr'>facultate</span> <span class='ocrx_word' id='word_1_101' title='bbox 842 2123 1005 2160; x_wconf 80' lang='lat' dir='ltr'>itineris</span> <span class='ocrx_word' id='word_1_102' title='bbox 1029 2121 1211 2159; x_wconf 84' lang='lat' dir='ltr'>faciendi</span> <span class='ocrx_word' id='word_1_103' title='bbox 1238 2134 1310 2170; x_wconf 87' lang='lat' dir='ltr'>per</span> <span class='ocrx_word' id='word_1_104' title='bbox 1335 2120 1411 2157; x_wconf 69' lang='lat' dir='ltr'>hos</span> 
     </span>
     <span class='ocr_line' id='line_1_30' title="bbox 91 2186 1409 2239; baseline -0.002 -15"><span class='ocrx_word' id='word_1_105' title='bbox 91 2200 147 2225; x_wconf 79' lang='lat'>405</span> <span class='ocrx_word' id='word_1_106' title='bbox 175 2189 308 2239; x_wconf 83' lang='lat' dir='ltr'>Agros</span> <span class='ocrx_word' id='word_1_107' title='bbox 330 2188 409 2225; x_wconf 84' lang='lat' dir='ltr'>sibi</span> <span class='ocrx_word' id='word_1_108' title='bbox 434 2201 519 2226; x_wconf 91' lang='lat' dir='ltr'>non</span> <span class='ocrx_word' id='word_1_109' title='bbox 541 2192 796 2237; x_wconf 81' lang='lat' dir='ltr'>temperant.</span> <span class='ocrx_word' id='word_1_110' title='bbox 837 2187 989 2237; x_wconf 83' lang='lat' dir='ltr'>Itaque</span> <span class='ocrx_word' id='word_1_111' title='bbox 1011 2186 1224 2231; x_wconf 83' lang='lat' dir='ltr'>Germani,</span> <span class='ocrx_word' id='word_1_112' title='bbox 1248 2198 1344 2222; x_wconf 79' lang='lat' dir='ltr'>eum</span> <span class='ocrx_word' id='word_1_113' title='bbox 1368 2198 1409 2221; x_wconf 78' lang='lat' dir='ltr'>se</span> 
     </span>
     <span class='ocr_line' id='line_1_31' title="bbox 910 2256 1061 2290; baseline 0 -1"><span class='ocrx_word' id='word_1_114' title='bbox 910 2256 955 2289; x_wconf 87' lang='lat' dir='ltr'>et</span> <span class='ocrx_word' id='word_1_115' title='bbox 985 2265 1061 2290; x_wconf 82' lang='lat' dir='ltr'>sua</span> 
     </span>
     <span class='ocr_line' id='line_1_32' title="bbox 174 2315 1409 2369; baseline -0.005 -12"><span class='ocrx_word' id='word_1_116' title='bbox 174 2319 271 2357; x_wconf 90' lang='lat' dir='ltr'>Non</span> <span class='ocrx_word' id='word_1_117' title='bbox 290 2322 464 2369; x_wconf 82' lang='lat' dir='ltr'>possent</span> <span class='ocrx_word' id='word_1_118' title='bbox 485 2318 539 2356; x_wconf 89' lang='lat' dir='ltr'>ab</span> <span class='ocrx_word' id='word_1_119' title='bbox 559 2318 624 2355; x_wconf 81' lang='lat' dir='ltr'>his</span> <span class='ocrx_word' id='word_1_120' title='bbox 644 2317 881 2363; x_wconf 74' lang='lat' dir='ltr'>defendere,</span> <span class='ocrx_word' id='word_1_121' title='bbox 904 2318 1144 2367; x_wconf 86' lang='lat' dir='ltr'>principum</span> <span class='ocrx_word' id='word_1_122' title='bbox 1161 2315 1409 2354; x_wconf 79' lang='lat' dir='ltr'>Germaniae</span> 
     </span>
     <span class='ocr_line' id='line_1_33' title="bbox 174 2380 1414 2433; baseline -0.004 -12"><span class='ocrx_word' id='word_1_123' title='bbox 174 2383 394 2422; x_wconf 80' lang='lat' dir='ltr'>Auxilium</span> <span class='ocrx_word' id='word_1_124' title='bbox 419 2386 638 2433; x_wconf 78' lang='lat' dir='ltr'>rogarunt,</span> <span class='ocrx_word' id='word_1_125' title='bbox 666 2395 716 2420; x_wconf 89' lang='lat' dir='ltr'>ne</span> <span class='ocrx_word' id='word_1_126' title='bbox 743 2386 994 2432; x_wconf 81' lang='lat' dir='ltr'>paterentur</span> <span class='ocrx_word' id='word_1_127' title='bbox 1021 2386 1118 2419; x_wconf 78' lang='lat' dir='ltr'>ante</span> <span class='ocrx_word' id='word_1_128' title='bbox 1145 2380 1287 2419; x_wconf 73' lang='lat' dir='ltr'>oculos</span> <span class='ocrx_word' id='word_1_129' title='bbox 1314 2392 1414 2416; x_wconf 67' lang='lat' dir='ltr'>suos</span> 
     </span>
    </p>
   </div>
  </div>
 </body>
</html>
