1722 2663
280 106 323 140 74
555 101 814 133 FRISCHLINVS,
833 100 960 127 JVLIVS
983 99 1195 129 REDIVIVVS.
1233 99 1264 129 11,
1292 97 1317 124 3.

837 211 1031 249 Caesar.

379 280 432 317 Vt
468 280 642 327 quisque
676 277 868 326 princeps
897 288 1045 325 genere
1076 279 1204 323 atque
1235 274 1364 323 copiis

1132 338 1426 388 amplissimus.

283 423 339 444 mm
364 409 433 446 Ita
463 408 665 457 plurimos
688 408 843 443 circum
864 418 905 443 se
932 404 1151 443 ambactos
1175 408 1216 441 et
1235 403 1408 441 clientes
1432 402 1593 441 nobiles

366 472 577 511 Habebat.

772 536 1104 573 Herinannus.

604 602 721 639 Ideni
759 601 834 639 hoc
871 601 1001 638 etiam
1038 600 1192 637 nostris
1228 598 1350 636 hodie
1388 600 1595 636 usitatum

1132 669 1195 702 est
1226 663 1479 702 hominibus.

841 732 1033 769 Caesar.

367 799 470 837 Cum
484 805 660 835 ventum
676 798 717 834 in
740 798 883 835 aciem.
906 802 1028 846 turpe
1048 795 1228 845 principi
1247 796 1404 832 virtute
1424 795 1593 833 vincier.

366 864 503 913 Turpe
534 863 757 901 comita-tui
790 864 991 900 virtutem
1030 874 1114 898 non
1144 873 1323 910 aequare
1355 861 1572 909 principis:

366 930 476 967 Nam
493 930 702 978 principes
716 927 963 977 pugnabant
985 926 1084 964 olim
1101 939 1177 975 pro
1197 925 1319 963 laude
1339 930 1380 962 et
1402 925 1594 970 victoria,

285 1006 340 1029 ”⁸⁷³3
365 995 548 1033 Comites
579 1007 653 1043 pro
684 994 884 1043 principe.

774 1091 1107 1128 Hermannus.

842 1155 933 1193 Hoc
964 1154 1075 1192 idem
1106 1154 1266 1191 faciunt
1298 1158 1337 1190 et
1370 1153 1506 1191 hodie.

844 1267 1037 1303 (¹aesar.

1446 1327 1595 1365 Probe.

775 1397 1108 1434 Hermannus.

368 1465 479 1502 Nam
510 1462 758 1513 probrosum
790 1468 851 1499 est
885 1463 1097 1499 recessisse
1127 1473 1178 1498 ex
1211 1461 1298 1497 acie
1328 1459 1598 1508 superstitem

1129 1538 1204 1563 suo

370 1595 477 1632 Duci
509 1598 637 1643 atque
667 1593 859 1642 principi.

847 1687 1040 1722 Caesar.

865 1750 1015 1788 Nullus
1041 1749 1277 1787 communis
1303 1747 1402 1786 olim
1428 1748 1469 1784 in
1497 1760 1600 1797 pace

1146 1819 1235 1852 erat

371 1883 657 1932 Magistratus,
684 1881 755 1919 sed
782 1882 990 1931 principes
1014 1892 1218 1930 pagorum
1245 1884 1345 1916 tunc
1371 1879 1481 1916 inter
1504 1890 1602 1915 suos

370 1948 450 1986 Jus
480 1946 692 1985 dicebant.

781 2034 879 2071 Her
891 2046 1114 2071 mannus.

701 2099 819 2137 Idem
850 2099 926 2137 hoc
958 2099 1119 2137 faciunt
1151 2103 1192 2135 et
1223 2103 1368 2135 nostro
1398 2102 1588 2146 tempore

1144 2162 1366 2213 principes.

294 2244 351 2268 970
375 2232 418 2271 Si
439 2231 605 2282 gravior
625 2231 911 2268 controversia
933 2229 1140 2268 inciderit.
1163 2240 1431 2266 communem

1136 2281 1371 2343 provocant

375 2362 442 2400 Ad
472 2361 668 2410 judicem.
