1722 2663
212 116 277 151 118
487 116 747 148 Pmscfflmvs,
767 117 896 145 JVLWS
918 117 1131 155 Rssmvivvs.
1163 118 1207 150 111,
1226 118 1252 144 2.

770 227 965 266 Caesar.

1178 293 1287 339 Quia
1317 296 1474 332 totiens

319 357 424 395 Mihi
460 357 614 395 falsum
645 360 903 403 memorasti,
943 372 1039 396 eum
1077 358 1215 396 adhuc
1254 359 1380 397 ambo
1417 373 1527 398 mor-

1072 424 1202 462 talem
1214 425 1326 462 inter
1338 424 1529 462 homines

321 488 522 526 Aetatem
535 487 795 538 degeremus.

778 581 809 620 C
817 582 830 619 i
838 594 858 619 c
869 595 890 619 e
899 594 918 619 r
926 595 963 620 o.

799 647 857 684 At-
898 659 1008 684 nunc
1052 647 1167 696 quid,
1212 660 1381 697 quaero,
1423 647 1530 686 lueri

1072 713 1127 750 sit
1157 712 1273 758 mihi,

212 787 285 813 1495
322 777 364 816 Si
384 778 567 816 maxime
587 776 685 815 dem
704 777 834 815 verba
854 777 931 815 tibi
951 782 994 814 et
1014 777 1241 816 Verborum
1260 782 1301 815 te
1320 778 1528 816 lenocinio

321 841 685 881 Circumveniam?

773 930 804 969 C
813 944 835 968 a
846 944 867 968 e
877 944 894 968 s
904 943 928 967 a
937 944 968 968 r.

691 995 807 1033 Nihil
841 1009 1023 1046 prorsus,
1061 1009 1107 1034 ao
1142 996 1317 1046 proinde
1354 1009 1453 1034 vera
1487 1000 1528 1034 te

1071 1061 1187 1111 loqui

322 1126 471 1165 Velim.

746 1203 996 1242 Eobanus

474 1268 583 1306 Vera
613 1269 759 1318 utique
784 1268 912 1306 dixit:
946 1281 1045 1306 nam
1074 1281 1151 1306 nos
1180 1269 1242 1306 ita
1272 1268 1410 1307 adhuc
1440 1281 1528 1307 esse

1072 1332 1287 1379 barbaros,

321 1399 380 1438 Vt
403 1399 501 1437 olim
524 1399 694 1444 fuimus,
718 1398 804 1437 noli
827 1404 886 1444 tu,
911 1399 1075 1443 Caesar,
1099 1398 1280 1436 credere.

765 1492 958 1530 Caesar.

1292 1558 1377 1596 Vos
1392 1557 1484 1596 bar-

1074 1622 1198 1661 baros

326 1688 427 1726 Esse
469 1689 640 1726 minime
682 1688 819 1733 eredo,
864 1701 968 1737 quos
1010 1688 1135 1726 video
1170 1688 1333 1726 Latinis
1374 1689 1531 1726 tinctos

1127 1753 1294 1799 litteris,

220 1829 295 1855 1500
329 1818 411 1857 Sed
448 1831 536 1856 esse
575 1818 827 1856 Academias
864 1819 908 1856 in
946 1818 1184 1864 Germania,
1224 1818 1269 1856 id
1306 1818 1409 1856 mihi
1447 1831 1534 1856 non

1079 1883 1300 1921 verisimile
1315 1887 1392 1921 est.

750 1971 1000 2009 Eobanus

326 2036 446 2075 Vnde
479 2023 609 2086 igitur
639 2038 767 2074 istam
799 2036 1082 2074 Latinitatem
1113 2049 1420 2086 comparemus,

1077 2101 1252 2140 Caesar?

777 2178 808 2216 C
817 2192 839 2215 a
850 2192 870 2215 e
879 2191 897 2215 s
907 2191 929 2215 a
940 2192 971 2215 r.

1276 2243 1342 2280 Ex

328 2308 468 2354 Italia,
503 2310 611 2346 sieut
645 2308 744 2346 olim
777 2312 940 2345 veteres
972 2308 1072 2346 Itali
1103 2322 1124 2345 e
1157 2321 1312 2358 magna
1343 2307 1531 2346 Graecia.
