1722 2663
251 129 315 164 132

250 805 320 830 1625

528 126 786 158 FRISCHLINVS‚
807 126 935 153 JVLlVS
957 125 1169 156 REDIVIVVS.
1202 125 1245 157 111,
1264 126 1289 151 3.

358 238 538 289 Lingua,
584 237 657 275 ubi
688 236 922 275 Germanae
960 236 1167 279 mulieres,
1215 235 1467 285 quibuscum
1500 235 1565 273 hic

1108 300 1254 339 calvus
1284 300 1424 338 Julius

359 368 500 407 Verba
551 367 687 405 libens
741 367 977 416 copularet,
1032 365 1137 404 nihil
1189 366 1362 404 omnino
1416 365 1567 404 Latine

1106 430 1373 481 intellegunt.

810 514 1004 552 Caesar.

359 581 415 619 Et
455 580 528 619 ubi
559 580 714 618 Latina
752 592 874 617 1191110
914 579 1104 628 loquitur
1129 579 1209 616 nisi
1240 579 1312 629 qui
1340 578 1490 616 didicit
1526 578 1570 616 in

1103 643 1268 681 schola!

814 726 999 765 Cicero.

361 794 417 832 Et
444 793 518 831 ubi
545 792 645 830 Itali
672 793 729 830 sic
750 792 881 829 verba
906 791 1125 836 effutiunt,
1156 794 1204 828 ut
1231 790 1382 828 malint
1408 790 1570 842 neglegi

360 859 498 905 Quam
522 871 643 908 posse
667 857 877 907 intellegi?

811 940 1005 978 Caesar.

780 1005 836 1042 Et
865 1004 938 1042 ubi
958 1003 1067 1042 Galli
1092 1003 1328 1041 semilatine
1350 1003 1571 1053 proferunt

362 1072 502 1110 Tanta
558 1071 724 1121 linguae
784 1069 1066 1114 volubilitate,
1128 1072 1175 1106 ut
1233 1069 1305 1106 vix
1362 1069 1570 1118 percipias

1111 1133 1319 1184 syllabam
1337 1138 1342 1171 !

815 1217 1000 1256 Cicero.

361 1284 493 1323 Galli?

812 1349 1006 1385 Caesar.

513 1415 578 1453 Sic
611 1414 755 1452 audivi
787 1413 914 1451 niodo
940 1413 1104 1450 rediens
1133 1425 1186 1449 ex
1224 1412 1568 1449 armamentario.

783 1495 1033 1533 Eobanus

360 1562 498 1612 Agite,
529 1565 577 1599 ut
606 1561 748 1599 vultis.

810 1644 1004 1681 Caesar.

758 1708 878 1747 Certe
909 1709 995 1745 sine
1026 1707 1246 1752 Mercurio,
1277 1707 1414 1756 perito
1442 1707 1569 1744 inter-

1112 1776 1244 1822 prete,

254 1851 327 1877 1630
367 1841 456 1890 Ego
494 1844 585 1878 tam
622 1839 898 1890 magnificum
934 1842 978 1876 et
1015 1838 1239 1887 opiparum
1275 1836 1449 1886 epulum
1485 1848 1571 1874 non

1112 1902 1316 1940 constitui
1346 1901 1557 1940 accedere.

818 1980 849 2019 C·
858 1980 870 2017 i
879 1994 899 2017 c
910 1994 930 2018 e
940 1993 958 2017 r
967 1993 1003 2018 0.

365 2047 512 2096 Neque
530 2059 619 2096 ego,
651 2059 725 2096 per
742 2045 982 2083 Plutonem.

815 2127 1009 2166 Caesar.

999 2191 1147 2241 Neque
1194 2190 1448 2236 consultum,
1497 2202 1572 2239 per

1258 2255 1569 2305 Proserpinam.

820 2323 1005 2361 Cicero.

366 2388 450 2426 Vbi
480 2391 623 2426 autem
655 2387 846 2425 substitit
878 2387 1134 2425 Mercurius?
