1756 2671
308 85 350 119 16
590 82 850 114 FRISCHLINVS,
878 83 1006 110 JVLIVS
1027 81 1243 111 REDIVIVVS.
1280 82 1299 113 1.
1318 83 1343 108 2.

905 193 935 231 C
945 206 969 230 a
978 206 998 230 e
1007 206 1025 231 s
1035 206 1058 230 a
1068 206 1098 230 r.

1147 258 1419 296 Germaniam

388 325 647 362 Perlust.rare
678 324 886 372 cupimus.

836 422 1170 460 Hermannus.

903 487 1022 526 Certe
1053 489 1183 525 vestis
1211 487 1369 525 isthaec
1402 488 1541 538 arguit

388 554 635 604 Peregrinos
661 566 770 600 esse3
801 566 855 590 an
883 566 967 591 non
996 553 1240 602 speculandi
1267 565 1395 590 eausa
1420 553 1499 590 huc
1525 565 1621 590 eon-

1174 618 1375 656 tenditis?

909 713 939 750 C
949 725 971 749 a
981 725 1002 749 e
1011 725 1029 749 s
1039 725 1060 749 a
1073 726 1102 749 r.

391 778 754 827 Haudquaquam.

839 871 1173 909 Hermannus.

825 937 936 983 Quid
963 950 1060 987 ergo
1090 937 1144 974 ad
1171 949 1248 974 nos
1277 937 1455 973 venitis?
1513 935 1623 982 Quid

1176 1003 1234 1039 rei
1263 1005 1328 1038 est
1340 1002 1353 1038 ’ἓ
1414 1001 1539 1040 Cedo.

908 1090 1101 1129 Caesar.

305 1167 358 1191 255
388 1155 488 1194 Jam
513 1156 586 1193 diu
615 1155 870 1193 desiderium
895 1168 971 1193 nos
996 1156 1133 1192 tenuit
1160 1154 1359 1192 visendae
1385 1167 1518 1192 novae

390 1221 531 1270 Hujus
552 1220 817 1259 Germaniae.

838 1320 938 1358 Her
950 1333 1173 1358 mannus.

825 1385 956 1435 Cujus
977 1385 1250 1423 Germaniae?

909 1485 1103 1524 Caesar.

1322 1549 1451 1587 Istius
1472 1561 1622 1587 novae.

840 1616 1174 1654 Hermannus.

390 1682 483 1720 Eho
502 1682 580 1721 dic.
602 1695 703 1719 num
722 1694 808 1719 non
827 1688 950 1719 vetus
967 1681 1068 1719 haec
1087 1680 1316 1719 Germania
1331 1681 1420 1718 est?

910 1781 940 1819 C
949 1793 973 1818 a
982 1793 1004 1818 e
1012 1794 1030 1818 s
1040 1794 1063 1818 a
1073 1794 1104 1818 r.

1217 1846 1389 1884 Minime
1419 1845 1624 1883 omnium.

840 1934 881 1972 H
891 1948 912 1972 e
921 1947 940 1972 r
952 1948 992 1972 m
1003 1947 1027 1972 a
1035 1947 1062 1972 n
1072 1947 1099 1971 n
1108 1947 1133 1971 u
1144 1947 1175 1972 s.

391 1999 512 2039 Vnde
530 1999 574 2037 id
592 2000 695 2036 scis?

910 2082 941 2121 C
950 2095 973 2120 a
983 2095 1004 2120 e
1013 2095 1030 2120 s
1040 2095 1063 2120 a
1073 2095 1104 2120 r.

718 2147 827 2192 Quia
845 2160 942 2185 cum
961 2152 1060 2185 ante
1080 2147 1237 2185 multos
1256 2159 1390 2185 annos
1407 2146 1473 2184 his
1490 2158 1625 2183 essem

1165 2213 1209 2250 in
1237 2211 1350 2257 locis,

390 2278 624 2316 Maximam
656 2276 783 2316 Suebi
815 2277 1028 2328 putabant
1060 2277 1230 2316 laudem
1262 2289 1390 2327 quam
1421 2277 1624 2314 latissime

307 2355 368 2380 290
393 2344 428 2380 A
459 2344 545 2380 suis
576 2355 726 2380 vacare
758 2342 917 2381 finibus
948 2356 1082 2393 agros.
1143 2342 1296 2392 Itaque
1327 2355 1380 2380 ex
1411 2341 1545 2380 altera
