1722 2663
271 115 317 149 20

564 113 823 145 FRISCHLINVS,
850 113 978 140 JVLIVS
999 113 1211 143 REDIVIVVS.
1249 114 1266 145 Ι,
1287 114 1310 140 2.

356 224 586 262 Romanae.
620 222 742 270 cujus
773 222 948 259 consilia
979 234 1064 259 non
1096 234 1322 265 armorum,
1357 223 1430 260 sed
1463 227 1585 273 togae

273 300 326 325 335
357 289 413 327 Et
432 289 548 339 pacis
565 288 735 325 fuerunt
755 288 879 324 socia.

801 375 901 413 Her
913 388 953 412 m
964 388 1136 413 annus.

883 439 1031 477 Tibine
1050 440 1219 478 credam
1236 442 1336 490 ego?

875 528 1060 566 Cicero.

1332 595 1529 633 Maxime.

802 659 1136 696 Hermannus.

352 725 467 763 Num
485 729 533 762 tu
553 737 648 762 vere
666 737 710 762 es
727 724 869 763 Cicero
884 725 893 761 ἓ

875 812 1060 850 Cicero.

897 877 1026 915 Haud
1056 877 1175 915 alius.

801 966 1135 1004 Hermannus.

1187 1031 1243 1068 Et
1269 1036 1316 1069 tu
1344 1044 1439 1069 vere
1464 1044 1508 1068 es

1141 1095 1280 1134 Julius

351 1162 504 1201 Caesa-1*
517 1163 528 1199 ἓ

869 1227 900 1265 C
909 1240 931 1264 a
942 1240 962 1265 e
971 1240 989 1264 s
999 1240 1021 1264 a
1033 1240 1062 1264 r.

542 1292 584 1331 Is
613 1294 715 1343 ipse.

800 1368 899 1406 Her
912 1381 1135 1406 mannus.

682 1433 737 1471 At
759 1433 884 1471 ambo
904 1434 946 1471 hi
966 1434 1121 1471 mortui
1141 1437 1239 1471 ante
1259 1433 1369 1471 mille
1388 1438 1432 1471 et
1450 1434 1584 1472 sexies

352 1501 534 1538 Centum
553 1512 685 1537 annos
702 1503 745 1536 et
763 1499 957 1549 amplius.

875 1586 1060 1625 Cicero.

977 1652 1042 1690 Sic
1073 1657 1150 1690 est.

799 1741 1133 1779 Hermannus.

1166 1806 1247 1852 Qui
1279 1807 1408 1856 igitur
1440 1819 1499 1844 re-

1140 1872 1293 1909 vixisse
1316 1884 1392 1909 vos

352 1937 504 1975 Dicam
521 1937 609 1986 jam
627 1950 737 1975 nunc
758 1936 891 1974 illico?

847 2019 877 2057 C
888 2020 897 2056 i
908 2033 927 2057 c
938 2033 959 2057 e
969 2033 1032 2057 ro.

894 2085 1089 2123 Mercurii
1112 2097 1202 2135 ope,
1229 2086 1300 2134 qui
1324 2085 1486 2123 animas
1509 2097 1585 2123 sua

270 2162 326 2187 340
352 2150 480 2200 Virga
496 2163 549 2188 ex
568 2150 675 2189 Orco
694 2154 878 2188 revocat.

759 2238 858 2276 Her
870 2251 1093 2276 mannus.

895 2303 1116 2350 Quomodo
1151 2303 1288 2341 isthuc
1325 2302 1417 2341 fieri
1452 2303 1582 2341 credi-

1136 2368 1281 2414 desim,
