1722 2663
140 1005 210 1030 1315

141 2051 215 2077 1620

414 115 673 147 FRISCHLINVS,
693 115 821 143 JVles
842 115 1054 146 REDIVIVVS.
1086 117 1131 147 111,
1151 115 1176 142 3.
1391 118 1448 153 131

705 226 739 263 E
749 239 773 264 o
782 226 809 264 b
819 239 843 264 a
851 240 879 264 n
887 239 914 263 u
923 239 955 264 s.

809 291 1108 338 Quamobrem,
1125 291 1293 331 Cicero?

729 374 914 412 Cicero.

1178 440 1288 486 Quia
1315 440 1456 479 locum

247 503 466 554 Dissignat
494 503 747 554 hospitibus.

703 586 955 626 Eobanus.

754 652 885 690 Recte
905 656 949 690 et
967 656 1193 702 propterea
1211 652 1316 692 nihil
1334 653 1457 692 vobis

1000 731 1106 767 opus

247 781 467 820 Mercurio.
492 781 605 821 Nam
626 784 697 833 qui
723 783 826 821 alios
849 783 975 829 locat,
1004 796 1079 821 vos
1105 796 1272 834 quoque
1297 783 1458 823 locabit

999 848 1199 899 hospites.

706 931 900 969 Caesar.

250 994 388 1034 Immo
414 996 621 1034 Mercurio
652 995 774 1034 nobis
798 1000 864 1034 est
896 1009 1015 1046 opus,
1044 997 1246 1047 quoniam
1276 997 1346 1035 ille
1371 1009 1456 1036 non

998 1062 1126 1100 modo

247 1125 348 1164 Vias
368 1130 512 1176 potest
530 1131 871 1176 praemonstrare
894 1127 997 1172 aliis,
1022 1128 1095 1165 sed
1115 1128 1246 1165 etiam
1266 1127 1360 1177 lyra
1380 1140 1458 1168 sua

247 1190 405 1229 Totum
430 1191 665 1230 exhilarare
680 1193 940 1230 convivium.

672 1275 923 1313 Eobanus

833 1340 1029 1378 Aderunt
1054 1344 1267 1378 nostrates
1291 1341 1455 1379 musici.

699 1422 894 1461 Caesar.

249 1486 330 1524 Vix
344 1486 608 1526 crediderim.

665 1563 922 1602 'Eobanus

645 1629 783 1667 Immo
815 1629 984 1679 plurimi
1027 1634 1071 1668 et
1115 1630 1234 1680 longe
1266 1631 1458 1668 omnium

1016 1696 1270 1733 suavissimi.

700 1771 894 1810 Caesar.

249 1835 307 1873 At
344 1835 600 1874 Mercurium
645 1836 756 1874 hunc
801 1841 945 1874 noster
987 1850 1082 1875 erus
1120 1837 1288 1875 addidit
1332 1836 1455 1875 nobis

1002 1903 1294 1952 interpretem.

673 1978 924 2016 Eobanus

251 2041 332 2088 Qui
365 2043 656 2093 interpretem,
693 2056 790 2081 cum
824 2057 949 2081 nemo
985 2048 1130 2082 tamen
1164 2044 1231 2081 hic
1266 2043 1457 2093 indigeat

994 2110 1082 2146 inte
1087 2122 1179 2158 rpre
1185 2115 1225 2146 te
1233 2141 1240 2154 ‚

249 2171 332 2211 Vbi
356 2185 502 2211 omnes
526 2173 740 2223 loquimur
768 2174 916 2212 eadem
941 2174 1109 2224 lingua?

705 2255 890 2294 Cicero.

1080 2321 1191 2367 Quid
1222 2322 1282 2359 ais
1305 2320 1456 2359 eadem

1114 2399 1190 2424 nos
1219 2385 1335 2435 loqui

1203 2466 1241 2501 9*
