1722 2663
208 114 272 149 154

207 430 280 455 1975

207 757 281 782 1980

206 1657 278 1682 1985

482 112 739 143 FRISCHLINVS,
763 112 892 140 JVLIVS
913 112 1127 143 REDIVIVVS.
1164 112 1199 144 V,
1216 113 1233 139 3

317 224 502 261 Pontum
534 223 657 273 ignea
689 226 837 272 petent
870 228 997 269 astra,
1032 228 1144 261 terra
1175 223 1404 263 extendere

315 289 415 327 Jam
448 288 563 326 nolet
598 288 724 326 litora
756 288 1030 339 excutietque
1063 288 1235 336 fretum,
1269 288 1382 327 diem

316 354 405 393 Sibi
434 354 556 391 Luna
586 359 745 403 poscet,
778 352 847 392 Sol
876 359 1060 398 noctem,
1092 354 1306 392 contraria

316 419 457 457 Fratri
486 431 614 464 soror,
648 418 779 456 sorori
808 417 952 462 frater,
984 417 1167 468 denique

314 484 425 523 Tota
455 483 567 522 orbis
597 483 798 522 machina
827 483 1089 522 disturbabit
1119 497 1197 522 sua
1226 484 1410 523 foedera.

317 549 435 596 Quae
463 554 511 587 tu
539 549 683 587 omnia
711 561 808 586 cum
836 549 943 586 scias
972 562 1072 587 vera
1099 562 1188 587 esse
1214 573 1269 577 ——
1295 562 1382 589 non
1409 551 1523 588 enim

314 615 491 653 Frustra
517 614 694 665 auguria
717 619 758 651 et
785 614 889 651 caeli
913 615 1101 664 positum
1129 614 1316 665 quidque
1340 616 1524 653 innuant

315 680 495 718 Venturi
524 679 661 717 sidera
690 680 734 717 in
764 679 960 730 Aegypto
991 679 1090 717 olim
1120 679 1327 718 didiceras
1356 704 1421 726 -—‚

314 744 603 784 Nihilominus
633 745 770 783 otioso
800 744 997 783 destertis
1028 746 1170 783 animo

316 812 371 850 Et
404 810 601 861 crapulae
634 809 827 860 indulges
859 823 1066 860 curasque
1099 810 1329 849 cuticulam

313 875 463 927 Neque
492 876 536 913 id
564 876 608 913 in
636 875 728 914 loco
759 880 827 913 sat
856 880 954 913 tuto
983 888 1121 926 neque
1149 872 1273 914 nobis'
1300 875 1525 915 commodo

316 941 443 992 Apud
476 948 662 991 poetam.
699 942 853 979 nostris
887 941 1141 979 benevolum
1175 941 1383 980 hostibus.

773 1023 1066 1061 Mercurius.

318 1090 437 1127 Bono
469 1089 612 1127 animo
643 1101 698 1126 es.

838 1154 1002 1192 Pluto.

702 1220 782 1266 Qui
812 1220 1010 1269 possum?

773 1301 1066 1339 Mercurius.

1028 1366 1257 1405 Facillime.

839 1449 1003 1487 Pluto.

1275 1513 1400 1553 Cedo.

775 1580 1067 1618 Mercurius.

316 1647 458 1684 Primo
479 1646 690 1683 omnium:
716 1658 844 1695 quam
867 1649 915 1682 tu
937 1644 1139 1695 praedam
1161 1646 1361 1683 amissam
1383 1649 1526 1695 putas,

315 1712 379 1749 Ea
411 1710 489 1749 tibi
522 1710 640 1748 salva
672 1717 734 1748 est
770 1715 899 1761 atque
931 1711 1110 1761 integra.

837 1793 870 1830 P
880 1793 927 1830 lu
937 1797 953 1830 t
964 1806 1002 1831 o.

1138 1857 1228 1903 Dic,
1267 1856 1495 1907 quomodo.

774 1923 817 1960 M
825 1937 846 1961 e
856 1936 876 1960 r
884 1935 904 1960 c
914 1936 941 1960 u
950 1924 990 1961 ri
999 1936 1026 1960 u
1035 1937 1067 1961 s.

316 1988 476 2027 Ambos
510 2001 534 2026 a
566 1988 744 2038 prandio
779 1988 929 2026 reduxi
962 1988 1017 2026 ad
1049 1987 1218 2026 inferos.

840 2071 930 2108 Plu
939 2076 955 2108 t
966 2084 1004 2109 o.

316 2137 382 2176 Sic
412 2137 601 2174 factum}

775 2201 1066 2239 Mercurius.

618 2266 793 2304 Dictum
818 2266 1069 2316 factumque
1093 2270 1214 2316 puta.

840 2348 955 2386 Plut
966 2361 1003 2386 o.

1183 2413 1314 2463 Euge,
1343 2412 1524 2462 optime!
