1722 2663
206 537 279 563 1895

206 1257 287 1283 1900

208 1714 284 1740 1905

210 2120 288 2145 1910

478 116 739 149 FRISCHLINVS‚
761 116 890 144 JVLIVS
910 115 1124 147 REDIVIVVS.
1163 115 1197 148 V,
1215 115 1241 141 3.
1452 115 1511 150 151

551 260 727 302 ACTVS
755 261 806 300 V.
846 259 1068 300 SOAENA
1099 259 1180 298 III.

613 350 905 388 Mercurius.
961 349 1111 387 Pluto

715 460 1008 499 Mercurius.

313 526 451 566 Nimis
478 527 596 566 laute
623 526 922 565 administravi
949 538 1105 563 munus
1133 538 1275 563 meum

311 592 519 643 Adeoque
553 593 699 630 curavi
734 605 802 629 me
836 590 1019 629 molliter
1055 590 1191 636 hodie,

312 657 373 696 Vt-
405 670 627 707 nunquam
663 657 844 694 antehac
880 656 1058 694 vixerim
1092 655 1327 693 delicatius.

780 738 944 776 Pluto.

315 804 440 851 Hem,
465 804 657 850 Mercuri,
683 804 811 842 salve.

717 885 1009 924 Mercurius.

816 951 874 989 At
904 955 965 997 tu,
998 950 1138 996 Pluto,
1170 950 1280 988 male
1310 949 1412 1000 peri.

782 1033 946 1071 Pluto.

316 1099 433 1138 Istuc
463 1099 574 1138 facio
604 1104 647 1137 et
678 1104 754 1137 tua
785 1098 955 1149 quidem
987 1111 1066 1148 ope
1096 1098 1379 1148 potissimum.

718 1180 1010 1218 Mercurius.

317 1246 628 1293 Quamobrem?

769 1311 932 1349 Pluto.

660 1377 741 1424 Qui
771 1381 847 1414 tua
872 1389 940 1414 me
967 1375 1333 1426 blandiloquentia

316 1443 412 1481 Huc
443 1443 672 1493 impuleris,
705 1447 755 1480 ut
786 1442 973 1480 Ciceroni
1006 1446 1136 1492 atque
1167 1441 1333 1479 Caesari

316 1508 582 1546 Potestatem
614 1507 668 1546 ad
698 1520 871 1557 superos
902 1506 1106 1544 redeundi
1135 1506 1318 1544 fecerim.

314 1572 428 1612 Nam
459 1577 662 1624 quartum
691 1585 880 1610 mensem
911 1572 998 1620 jam
1029 1571 1187 1609 absunt
1217 1570 1344 1609 domo
1374 1584 1470 1608 mea

314 1637 465 1690 Neque
492 1638 684 1683 redeunt,
715 1642 765 1675 ut
792 1638 1009 1686 jusseram,
1041 1640 1084 1675 et
1112 1649 1185 1686 per
1213 1634 1439 1674 Tartarum

318 1703 568 1749 sumerem,
599 1707 648 1741 ut
676 1702 805 1740 illecti
834 1703 949 1739 vitae
978 1701 1202 1740 dulcedine

316 1769 493 1807 Reverti
520 1768 575 1806 ad
604 1768 761 1807 Orcum
790 1767 940 1805 nolint.
999 1766 1068 1805 Ita
1097 1780 1205 1817 quae
1232 1767 1422 1804 maximo

318 1834 396 1872 Per
423 1847 491 1872 me
518 1833 661 1871 labore
689 1836 814 1882 parta
842 1836 955 1877 sunt,
985 1832 1088 1870 haec
1116 1832 1308 1882 pessimis

318 1899 396 1936 Per
427 1902 470 1936 te
500 1911 666 1936 rursum
699 1911 723 1935 a
752 1911 820 1935 me
851 1897 1125 1935 abducuntur
1155 1897 1344 1935 fallaciis
1372 1890 1375 1893 ’

774 1979 1065 2017 Mercurius.

318 2045 384 2083 Ah
413 2045 552 2083 Pluto.
583 2046 716 2082 nescis
744 2049 805 2089 tn,
835 2045 980 2089 nescis,
1012 2044 1166 2095 quibus
1194 2045 1237 2081 in
1265 2044 1365 2081 locis

320 2109 490 2147 Interea
519 2109 848 2147 substiterimus

853 2191 1016 2230 Pluto.

863 2254 1015 2294 Nescio
1046 2269 1120 2306 per
1150 2256 1325 2306 Stygem

320 2322 468 2372 quue
498 2321 592 2371 plus
623 2322 791 2365 irascor,
826 2321 939 2371 quod
972 2334 1080 2370 quae
1111 2325 1158 2358 tu
1189 2334 1307 2370 geras

321 2387 410 2437 Ego
440 2387 639 2424 nesciam.
